3269 5126
1208 329 1397 377 Fontes
1431 330 1584 379 florae
1621 330 1856 380 Graecae.
2703 329 2781 383 IX

292 496 591 563 Lanykavel
624 496 710 558 R,
750 500 967 549 Botanik
1002 501 1093 549 der
1128 506 1361 564 spateren
1399 502 1664 552 Griechen.
1739 503 1929 562 Berlin,
1974 504 2121 559 1866,
2155 512 2158 513 ’

289 566 428 618 Lem
463 564 542 619 Η.
587 564 663 626 0.,
702 569 919 618 Botanik
955 570 1047 617 der
1081 570 1218 619 alten
1256 571 1503 620 Griechen
1542 573 1650 620 und
1688 572 1889 622 Romer.
1962 572 2144 633 Gotha‚
2188 574 2337 623 1859.

292 635 431 686 Link
465 633 544 686 Η.
584 635 691 696 Frz,
731 638 1001 700 Symbolae
1037 640 1101 688 ad
1138 641 1313 688 floram
1349 656 1594 703 graecam,
1632 642 1686 689 in
1725 642 1946 691 Linnaea
1982 641 2080 691 IX.
2117 658 2169 705 p.
2210 643 2308 691 128
2348 643 2539 704 (1834).

292 704 499 772 Mar-902
532 703 611 755 H.
649 714 700 756 et
736 704 929 756 Reum·
961 705 1014 759 J.
1059 705 1139 769 G„
1178 710 1319 758 Essai
1355 710 1510 758 d’une
1546 711 1669 759 flore
1704 711 1769 759 de
1804 707 1909 758 l'ile
1945 711 2008 758 de
2045 711 2217 761 Zante.
2295 713 2443 762 1838.

189 830 200 839 ¹
289 774 444 824 Murr-
476 773 552 840 J„
590 778 684 824 Die
722 778 1081 827 Pflanzenwelt
1117 779 1170 827 in
1206 779 1298 827 der
1331 780 1674 840 griechischen
1714 780 2040 842 Mythologie.
2114 780 2418 842 Innabruck,
2463 782 2613 832 1890.

301 841 491 895 Olim‘er
532 842 595 897 G.
635 845 724 898 A..
764 847 969 910 Voyage
1006 848 1131 896 dans
1166 845 1399 911 l’empire
1434 854 1679 899 ottoman.
1753 849 1895 898 Paria
1935 851 2189 899 1801—4.

302 910 624 979 Orphanidu
665 912 773 974 Th„
812 917 1142 965 Enumeratio
1178 917 1423 966 chloridie
1462 918 1776 968 Hellenicae.
1849 918 2020 967 Athen
2063 919 2212 970 1866.

294 1013 357 1022 --
396 986 497 1034 Sur
532 981 674 1033 l'etat
719 987 884 1035 actuel
934 986 998 1034 de
1050 986 1099 1035 la
1134 986 1256 1034 flore
1291 1002 1523 1050 grecque,
1573 988 1626 1036 in
1677 994 1810 1036 actes
1853 987 1923 1035 du
1960 991 2169 1050 congres
2203 989 2562 1038 international
2599 990 2662 1038 de
2697 989 2783 1039 bo-

431 1055 637 1117 tanique
674 1060 795 1102 tenu
830 1059 862 1103 a
900 1056 1045 1104 Paris
1080 1071 1142 1104 en
1179 1058 1301 1104 aosst
1343 1058 1489 1107 1867.

294 1151 358 1161 --
397 1124 498 1173 Sur
531 1124 604 1173 lea
639 1128 914 1173 carae-tetes
947 1125 1249 1187 specifiques
1297 1126 1367 1173 du
1405 1140 1559 1187 genre
1595 1126 1887 1175 colchicum
1925 1134 1976 1174 et
2012 1140 2101 1174 sur
2136 1127 2384 1189 quelques
2418 1130 2620 1191 especes
2657 1143 2781 1177 nou-

433 1193 704 1241 vellement
752 1194 1078 1243 decouvertea
1113 1209 1175 1242 en
1213 1194 1387 1253 Grece,
1439 1196 1490 1242 in
1539 1195 1632 1243 atti
1678 1195 1763 1243 del
1813 1210 2076 1257 congresso
2117 1196 2511 1245 internationale
2549 1198 2784 1246 botanico

430 1269 605 1311 tenuto
641 1263 694 1310 in
733 1263 943 1311 Fireuze
981 1264 1065 1312 nel
1103 1278 1237 1312 mese
1271 1264 1325 1312 di
1363 1263 1563 1326 Maggio
1605 1266 1736 1313 1874
1774 1280 1823 1326 p.
1863 1265 1945 1315 27.
2018 1266 2232 1313 Firenze
2273 1267 2421 1318 1876.

293 1361 358 1369 -
399 1333 575 1380 Piante
620 1347 788 1381 nuove
835 1340 886 1381 et
936 1347 1043 1381 rare
1085 1333 1139 1380 di
1175 1333 1368 1392 Grecia‚
1416 1334 1468 1380 in
1519 1334 1613 1381 atti
1661 1333 1744 1381 del
1794 1348 2057 1395 congresso
2105 1335 2496 1383 internationale
2547 1335 2782 1384 botanico

429 1407 606 1449 tenuto
642 1402 696 1448 in
735 1402 948 1449 Firenze
987 1402 1069 1450 nel
1107 1417 1241 1450 meae
1276 1403 1328 1449 di
1368 1403 1569 1465 Maggio
1610 1403 1741 1451 1874
1778 1419 1829 1466 p.
1869 1404 1988 1458 214.
2062 1404 2276 1452 Firenze
2318 1405 2470 1455 1876.

302 1466 608 1531 Θεία-ωομεν
658 1466 741 1526 F..
794 1471 998 1532 Beitrag
1046 1486 1136 1519 zur
1173 1471 1325 1521 Flora
1372 1472 1464 1519 der
1510 1472 1768 1534 jonischen
1807 1473 2005 1533 Inaeln,
2056 1473 2108 1520 in
2148 1473 2301 1525 Verh.
2353 1474 2479 1521 zool.
2517 1473 2623 1524 bot.
2664 1473 2780 1525 Ges·

436 1538 721 1590 XXXVII.
760 1556 811 1602 p.
850 1541 945 1589 651
989 1538 1187 1604 (1887).

296 1637 362 1646 -
401 1608 604 1669 Beittag
639 1624 731 1657 zur
768 1609 921 1658 Flora
957 1625 1057 1657 vou
1096 1610 1271 1669 Krete,
1310 1611 1360 1658 in
1402 1610 1555 1660 Verh.
1595 1609 1721 1660 zool.
1759 1610 1861 1659 bot.
1899 1610 2014 1660 Ges,
2052 1611 2164 1660 XL.
2203 1627 2253 1674 p.
2293 1612 2389 1660 291
2431 1612 2627 1673 (1890).

293 1674 509 1727 Partack
557 1674 628 1736 J„
678 1679 883 1727 Bericht
931 1679 1058 1727 iiber
1104 1680 1187 1726 die
1225 1679 1736 1728 wissenschaitlichen
1775 1680 2074 1741 Ergebuisee
2119 1681 2284 1728 seiher
2319 1681 2502 1729 Reiaen
2551 1682 2641 1729 aui
2683 1681 2788 1729 den

431 1747 601 1795 Inaeln
637 1748 726 1796 dea
760 1748 1020 1809 joniachen
1057 1749 1265 1808 Meere8‚
1304 1749 1355 1797 in
1394 1748 1681 1810 Sitzungsb.
1720 1748 1810 1796 der
1847 1749 1965 1802 kon.
2003 1764 2198 1812 prensa.
2228 1750 2396 1799 Akad.
2424 1750 2573 1801 Wiss.
2611 1750 2787 1799 Berlin

292 1884 598 1956 Philjppm
632 1884 721 1945 A„
760 1888 861 1934 Der
897 1886 1046 1935 Wald
1082 1887 1136 1934 in
1174 1886 1562 1947 Griechenland,
1600 1887 1652 1935 in
1696 1886 1995 1936 NaturwiSS.
2023 1887 2378 1937 Wochenschr.
2423 1889 2555 1937 1890
2581 1904 2633 1950 p.
2662 1889 2783 1941 334.

292 1985 361 1995 —
396 1958 533 2006 Uber
566 1956 657 2004 das
691 1956 1036 2005 Vorkommen
1074 1957 1165 2005 der
1200 1957 1557 2005 Rosskastanie
1594 1957 1700 2004 und
1735 1956 1827 2005 der
1862 1956 2035 2005 Buche
2071 1957 2123 2005 in
2162 1957 2686 2020 Nordgriechenland,
2730 1958 2783 2005 in

434 2026 729 2075 Naturwian.
770 2026 1125 2075 Wochenschr.
1164 2026 1260 2076 IX.
1299 2042 1347 2076 n.
1385 2026 1452 2075 35
1491 2026 1686 2088 (1894).

295 2122 362 2132 -
397 2097 499 2144 Zur
536 2095 1009 2150 Vegetationakarte
1049 2095 1138 2145 dea
1175 2095 1507 2158 Peloponnes,
1557 2095 1609 2143 in
1650 2096 1980 2143 Petermanns
2013 2110 2181 2156 geogr.
2220 2095 2425 2146 Mitteil.
2467 2095 2590 2143 XII.
2635 2096 2785 2147 1895.

295 2161 443 2214 Pion·
493 2161 572 2215 M.
616 2161 689 2222 T„
742 2165 892 2213 Della
925 2165 1170 2214 corciresa
1206 2165 1329 2213 flora
1377 2165 1608 2213 centuria
1644 2165 1824 2227 prima,
1873 2164 2086 2213 secunda
2127 2179 2155 2211 e
2191 2169 2344 2215 terna.
2416 2165 2590 2226 Corfu,
2635 2165 2786 2215 1814.

298 2263 364 2272 —
400 2234 555 2283 Flora
589 2234 913 2285 Corcirensia.
986 2234 1236 2293 Corcirae,
1279 2234 1428 2284 1824.

294 2300 667 2368 Ponit-opauloa
703 2300 770 2352 E.
806 2299 877 2362 J.,
914 2303 1060 2352 Troia
1082 2303 1301 2352 {amillea
1334 2304 1397 2351 de
1432 2303 1485 2351 la
1519 2303 1642 2351 flore
1665 2301 1956 2364 hellenique
1992 2308 2043 2349 et
2077 2303 2424 2351 enumeration
2461 2302 2551 2352 des
2580 2303 2786 2366 plantes

433 2375 683 2436 ligneuses
718 2373 781 2421 de
815 2373 867 2421 la
902 2372 1075 2432 Grece,
1114 2374 1166 2422 in
1205 2372 1340 2423 Bull.
1377 2387 1475 2421 soc.
1513 2372 1615 2422 bot.
1656 2372 1848 2420 France
1885 2371 2146 2421 XXXVI.
2186 2372 2378 2432 (1889).

188 2486 191 2487 ⁷
295 2440 544 2492 Prillieux
597 2442 668 2492 A.
704 2452 753 2491 et
790 2439 881 2490 Du
918 2438 1059 2502 Boia,
1110 2442 1204 2491 Lea
1254 2442 1451 2504 plantes
1499 2441 1843 2489 alimentairea
1886 2438 2190 2503 spontaneas
2235 2456 2298 2488 en
2336 2437 2511 2502 Grece,
2562 2441 2614 2489 in
2653 2442 2787 2491 Rev.

439 2528 505 2561 ae,
542 2518 645 2563 nat.
683 2510 986 2576 appliquees
1028 2512 1177 2561 1890.

299 2581 500 2632 Βααῑίπ
543 2579 622 2642 V„
661 2581 983 2644 Description
1021 2582 1274 2644 phyaique
1309 2581 1372 2629 de
1407 2581 1517 2629 l’lle
1552 2581 1615 2629 de
1654 2577 1819 2630 Crete.
1893 2580 2051 2640 Paria,
2094 2580 2241 2632 1869.

299 2650 589 2717 Rechinqcr
627 2647 701 2709 0.,
740 2641 879 2701 fJber
913 2650 1064 2700 einen
1098 2664 1262 2698 neuen
1302 2650 1553 2712 hybriden
1590 2652 1791 2699 Ramex
1828 2664 1920 2697 aus
1963 2649 2352 2710 Griechenland,
2389 2649 2441 2698 in
2470 2650 2626 2699 Verh.
2665 2650 2789 2698 zool.

304 2721 712 2854 Βοιιῃδοὲθῗ..
738 2722 917 2838 Ιὲἰῗὲε
960 2804 1049 2836 sur
1093 2788 1145 2837 la
1178 2789 1480 2851 geographie
1528 2788 1804 2850 botanique
1850 2788 1914 2835 de
1950 2787 2208 2850 l'Europe,
2255 2788 2309 2835 in
2360 2787 2486 2837 buu,
2536 2802 2638 2837 soc.
2689 2788 2791 2836 bot.

442 2861 634 2908 France
672 2859 906 2907 XXXV.
944 2873 995 2920 p.
1033 2859 1099 2906 32
1138 2859 1331 2920 (1888).

303 2958 365 2966 -
407 2929 776 2977 Illustrationes
811 2929 1104 2991 plantarum
1142 2928 1377 2990 Europae
1413 2927 1676 2976 rariorum.
1752 2927 1896 2975 Paris
1937 2926 2086 2976 1895.

306 2994 513 3048 Βελεοὶε
567 2997 656 3057 A„
708 2998 940 3059 Beitrage
988 3012 1081 3044 zur
1125 2997 1399 3045 deutschen
1449 2997 1554 3045 und
1604 2996 2044 3044 schweizeriachen
2083 2994 2251 3055 Flora,
2303 2995 2353 3042 in
2393 2995 2548 3043 Flora
2586 2994 2789 3045 XXVI.

306 3085 503 3186 Solam&
534 3070 630 3197 {²3
674 3067 879 3185 ((Ξξέἓιζ
913 3142 963 3183 et
997 3137 1186 3199 species
1222 3150 1627 3198 cyperacearum‚
1675 3148 1804 3196 qnae
1838 3134 1891 3181 in
1931 3148 2083 3196 regno
2120 3132 2325 3193 Graeco,
2364 3133 2705 3196 Archipelago
2741 3139 2791 3182 et

444 3207 495 3254 in
540 3205 721 3287 insulis
756 3206 968 3265 Jonicis,
1022 3221 1114 3253 nec
1160 3220 1261 3254 non
1310 3206 1364 3253 in
1413 3205 1581 3253 insula
1629 3204 1776 3253 Creta
1825 3208 2102 3251 crescentes
2147 3203 2411 3265 hucusque
2460 3209 2608 3251 notae
2657 3210 2792 3252 aunt.

310 3276 719 3393 Schmli‘canffhifl':
754 3276 1181 3406 ,¹134geogmpffie
1220 3359 1317 3391 von
1355 3342 1745 3392 Griechenland.
1820 3343 2005 3401 Athen,
2049 3342 2199 3391 1860.

311 3408 513 3459 Schultz
572 3408 626 3462 C.
664 3409 760 3472 H„
809 3413 960 3460 Notiz
1008 3413 1135 3461 iiber
1181 3413 1346 3475 einige
1390 3427 1519 3461 neue
1568 3413 1674 3459 und
1722 3412 1884 3474 wenig
1930 3412 2187 3459 bekannte
2223 3410 2557 3473 compositae,
2609 3409 2795 3458 welche

450 3481 585 3528 Herr
620 3482 707 3531 Dr.
747 3482 902 3531 Fraaa
936 3483 989 3530 in
1028 3481 1401 3530 Griechenland
1436 3480 1731 3543 gesammelt
1769 3481 1870 3540 hat,
1908 3481 1960 3529 in
1998 3480 2153 3529 Flora
2178 3479 2374 3540 XXV„
2413 3479 2666 3551 Beibl.⁴p.
2698 3480 2793 3528 158

310 3647 376 3656 -
415 3549 825 3681 Cglrffcggondenz
860 3621 910 3669 in
952 3621 1108 3669 Flora
1144 3620 1319 3669 XXV.
1357 3636 1407 3681 p.
1449 3621 1545 3668 172
1588 3619 1784 3680 (1842).

309 3685 515 3739 Schultz
570 3685 634 3740 F.
678 3686 771 3748 W„
823 3692 1195 3752 Andeutungen
1234 3704 1325 3737 zur
1361 3690 1641 3738 Kenntniss
1675 3689 1868 3749 einiger
1902 3687 2232 3736 Orobanchen
2270 3686 2692 3740 Griechenlands,
2742 3687 2793 3733 in

448 3759 604 3808 Plora
643 3759 844 3810 XXIV.
882 3776 932 3822 p.
977 3761 1071 3808 125
1112 3760 1306 3820 (1843).

306 3855 372 3865 -
411 3828 799 3892 Nachtragliche
838 3829 1222 3890 Bemerkungen
1259 3842 1321 3875 zu
1359 3828 1555 3876 meinen
1597 3827 1991 3887 Andeutungen,
2030 3825 2082 3872 in
2121 3824 2275 3872 Flora
2313 3823 2567 3875 XXVIII.
2606 3840 2656 3887 p.
2698 3825 2796 3873 737

309 3899 644 4032 Sibfflffr).
678 3973 729 4016 et
768 3963 935 4017 Smith
967 3962 1017 4015 J.
1057 3963 1143 4032 E„
1192 3966 1374 4014 Florae
1410 3980 1614 4028 graecae
1651 3965 1970 4027 prodromua.
2045 3962 2278 4022 Londini,
2322 3962 2679 4013 1806—1813.

309 4063 376 4072 —
414 4037 569 4086 Flora
602 4052 796 4100 graeca.
868 4036 1107 4095 Londini,
1149 4036 1434 4085 1806-40.

311 4102 492 4155 δίοδον
526 4102 589 4156 F.
633 4102 715 4164 G„
753 4105 1166 4167 Correapondenz
1203 4105 1255 4151 in
1295 4105 1447 4154 Flora
1485 4105 1523 4155 Ι.
1563 4120 1615 4166 p.
1654 4104 1755 4152 269
1794 4102 1988 4162 (1818).

311 4202 375 4211 -
418 4175 544 4223 Avia
579 4175 668 4224 des
705 4175 919 4237 plantes,
994 4175 1141 4235 Prag,
1187 4175 1333 4225 1821.

310 4271 375 4281 -
414 4245 557 4292 Neue
594 4245 698 4292 und
736 4244 928 4292 seltene
963 4242 1250 4301 Gewiichse‚
1289 4244 1342 4290 in
1381 4242 1535 4290 Flora
1570 4243 1634 4292 V.
1674 4258 1723 4304 p.
1762 4242 1859 4289 ‘241
1902 4238 2096 4302 (1822).

311 4342 375 4351 -
415 4313 841 4375 Berichtigungen
894 4313 982 4359 dee
1028 4307 1374 4360 Sieber'schen
1423 4311 1700 4359 cretischen
1751 4311 2100 4367 Herbariums,
2152 4306 2204 4355 in
2259 4307 2413 4356 Flora
2463 4307 2552 4358 VI.
2602 4324 2652 4370 p.
2702 4310 2801 4357 593

312 4479 374 4488 —
414 4383 802 4513 B(gg}?l{.ungen
855 4451 982 4500 iiber
1017 4450 1274 4499 Cenchrus
1310 4451 1586 4498 fruteseens
1622 4450 1696 4511 L,
1749 4449 2028 4511 Eryngium
2068 4446 2318 4495 trifolium
2356 4446 2475 4508 Alp.
2514 4447 2619 4495 und
2657 4447 2798 4496 Cam·

451 4520 643 4584 pannla
679 4519 997 4584 pelviiormis
1035 4520 1195 4584 Lam,
1231 4520 1283 4566 in
1320 4518 1473 4567 Flora
1509 4520 1573 4567 V.
1610 4535 1662 4581 p.
1706 4521 1766 4567 14
1804 4517 2000 4583 (1822).
