3269 5126
1429 383 1758 435 lntmduetio.
2732 379 2832 435 XV

517 555 854 615 Insularum
886 556 1102 616 fluvios
1135 554 1293 616 brevi
1324 578 1496 618 cursu
1525 580 1656 618 esse
1698 579 1773 617 ex
1818 578 2008 618 rerum
2057 568 2266 617 natura
2310 558 2437 637 ipsa
2468 556 2832 637 intelligitur.

343 641 520 702 Multi
574 643 745 703 fluvii
809 661 926 703 non
987 644 1102 702 nisi
1157 644 1217 702 in
1271 645 1444 705 Creta
1503 646 1901 713 inveniuntur,
1964 665 2210 723 quorum
2268 645 2499 723 plurimi
2546 654 2829 704 torrentes

339 740 503 801 sunt3
562 728 762 809 aliqua
823 730 1231 809 magnitudine
1290 732 1345 790 hi
1397 731 1502 791 soli
1564 732 1739 792 fluvii
1797 743 1960 791 sunt:
2027 732 2088 791 in
2147 730 2315 791 litore
2376 730 2829 810 septemtrionali

345 816 858 891 xylopotnms,
917 818 978 875 in
1038 815 1205 876 litore
1265 811 1624 879 meridionali
1684 818 2208 894 Platypotamos,
2271 817 2829 893 Hya-apetamus,

344 901 840 972 Anapodharis.

513 989 711 1049 Lacus
755 991 813 1048 in
861 988 1112 1050 Graecia
1159 1010 1276 1049 non
1326 991 1493 1050 multi
1539 992 1694 1070 iique
1738 992 1904 1069 parvi
1950 1003 2118 1050 sunt:
2175 992 2235 1050 iu
2284 990 2467 1070 Epiro
2515 989 2829 1050 Butrinto

339 1085 400 1135 et
445 1075 608 1136 Bis·
651 1076 830 1145 laone,
878 1076 1041 1135 lacus
1086 1073 1459 1137 Acherusia
1506 1098 1608 1137 seu
1654 1077 2076 1151 danismam,
2124 1076 2393 1155 Lognru
2437 1076 2618 1145 lacuS,
2666 1077 2827 1156 apud

342 1162 534 1222 einum
559 1162 947 1222 Ambracium
979 1164 1154 1231 situs;
1202 1165 1263 1222 in
1294 1164 1605 1224 Thessalia
1639 1165 1925 1224 Neaeros
1958 1164 2120 1223 lacus
2162 1165 2219 1222 in
2255 1163 2546 1224 radicibus
2578 1163 2828 1242 Olympi

343 1249 502 1318 situs,
547 1248 712 1309 lacus
735 1249 992 1308 eiusdem
1023 1250 1271 1308 nominis
1304 1251 1359 1309 in
1391 1252 1616 1330 Othrys
1646 1262 1845 1310 monte
1876 1252 2037 1319 situs,
2090 1250 2296 1310 Karla
2326 1250 2490 1311 lacus
2522 1269 2559 1309 a
2592 1250 2829 1309 Larissa

343 1333 633 1395 meridiem
681 1355 882 1395 versus
928 1336 1104 1405 situs;
1151 1337 1209 1395 in
1260 1338 1626 1397 Acarnania:
1679 1337 2045 1399 vulcharia
2090 1334 2144 1408 1.,
2192 1337 2356 1397 lacus
2401 1337 2561 1415 apud
2598 1334 2828 1408 Ampe-

341 1419 575 1481 lnkicn
598 1423 760 1493 situs,
789 1420 1156 1482 Ambrakia
1179 1421 1358 1494 lacus,
1384 1443 1636 1503 quocum
1654 1425 1957 1503 angustiis,
1983 1423 2196 1503 quibus
2218 1444 2368 1502 pons
2395 1424 2699 1503 impositus
2722 1432 2828 1495 oet,

347 1506 580 1569 Rivius
624 1508 790 1568 lacus
835 1510 1222 1587 coniungitur,
1276 1507 1521 1570 Ozcros
1570 1510 1624 1581 1.,
1671 1510 1834 1570 lacus
1881 1511 2038 1588 apud
2085 1508 2619 1586 Angelocastron
2667 1510 2829 1581 situs,

342 1592 675 1671 Agrinion
709 1597 830 1654 sive
861 1593 1215 1656 Trichonis
1245 1596 1435 1663 lacus:
1482 1599 1542 1656 in
1577 1596 1844 1657 Boeotia:
1895 1595 2138 1669 Copais
2184 1600 2306 1656 sive
2338 1595 2614 1668 Topolia
2646 1596 2827 1667 laeua,

345 1679 592 1755 Lykcri
642 1684 766 1742 sive
796 1681 1048 1756 liylike
1079 1681 1136 1753 1.,
1187 1682 1361 1742 Para
1388 1685 1514 1743 sive
1548 1683 1803 1743 Harma
1848 1683 1917 1754 l.;
1962 1685 2022 1742 in
2054 1683 2447 1762 Peloponnesi
2478 1682 2829 1743 occidentali

339 1776 529 1847 parte:
576 1768 740 1827 lacus
786 1768 945 1848 apud
992 1768 1330 1841 Kunapeli
1378 1770 1537 1837 situs,
1584 1770 1933 1831 Lecliaena
1964 1781 2023 1829 et
2055 1769 2278 1830 Konki
2308 1770 2345 1829 l.
2392 1770 2450 1828 in
2497 1769 2670 1829 Elide
2717 1770 2829 1840 siti,

343 1853 562 1914 flurin
604 1866 664 1914 et
709 1853 1103 1930 Agulinitzn
1158 1854 1322 1915 lacus
1376 1858 1436 1915 in
1483 1857 1784 1917 Messenia
1830 1858 1953 1927 siti;
2016 1856 2270 1935 denique
2331 1856 2493 1916 lacus
2556 1855 2831 1916 nonnulli

341 1941 534 2001 media
574 1942 637 2000 in
683 1941 915 2002 Achaia
973 1942 1132 2020 apud
1175 1942 1414 2003 Sudena
1470 1944 1578 2010 siti.
1644 1941 1904 2003 Phonia
1947 1944 1986 2004 l.
2041 1945 2101 2002 in
2149 1944 2409 2003 Aroania
2468 1942 2622 2001 valle
2666 1943 2828 2013 situs,

339 2024 502 2087 lacus
550 2024 1084 2102 Stymphaiieusg
1147 2029 1417 2089 nonnulli
1479 2032 1643 2108 parvi
1707 2028 1872 2090 lacus
1917 2031 2089 2089 etiam
2136 2031 2195 2088 in
2242 2030 2495 2108 Corcyra
2551 2040 2610 2087 et
2654 2029 2830 2089 Creta

343 2113 551 2173 insulis
596 2114 690 2173 siti
738 2126 892 2174 sunt.

514 2201 676 2260 Loca
719 2202 970 2261 demissa
1014 2212 1188 2282 atque
1233 2202 1532 2282 palustria,
1578 2223 1731 2282 quae
1778 2202 2083 2263 nonnullis
2116 2203 2172 2261 in
2208 2202 2543 2279 regionibus
2588 2201 2829 2261 lacuum

342 2305 583 2347 munere
628 2288 975 2366 funguntur,
1021 2290 1303 2368 imprimis
1339 2291 1399 2348 in
1448 2288 1715 2350 litoribus
1762 2291 2157 2359 inveniuntur,
2207 2300 2272 2348 ut
2317 2294 2414 2365 (ne
2460 2290 2685 2347 minora
2729 2287 2831 2347 ad-

339 2372 577 2447 feram:
626 2375 688 2433 in
720 2374 1083 2434 meridionali
1122 2388 1285 2454 parte
1314 2377 1479 2456 Epiri
1526 2388 1584 2436 et
1618 2375 1898 2445 Aetoliae,
1945 2378 2003 2435 in
2039 2375 2348 2436 Thessalia
2391 2376 2450 2434 in
2481 2395 2578 2434 ore
2611 2375 2829 2445 Penei;

338 2459 553 2520 deinde
596 2462 1144 2522 commemoratione
1205 2464 1384 2542 digna
1443 2474 1611 2522 sunt:
1685 2461 1851 2541 palus
1911 2462 2069 2541 apud
2120 2460 2447 2522 Karacair
2490 2480 2669 2540 prope
2716 2461 2829 2519 La·

339 2547 545 2607 rissam
602 2548 729 2620 sita,
790 2547 920 2608 loca
978 2548 1232 2609 demissa
1293 2549 1451 2629 apud
1508 2550 1700 2610 sinum
1747 2549 2112 2626 Pagasaeum
2170 2550 2297 2618 sita,
2357 2548 2608 2627 Topolia
2667 2547 2830 2608 lacus

345 2633 604 2711 paludes,
650 2634 783 2695 loca
827 2636 1078 2695 demissa
1123 2638 1185 2696 in
1230 2635 1500 2697 litoribus
1546 2638 1797 2706 Atticae,
1845 2635 2159 2714 Argolidis,
2207 2635 2413 2704 Elidis,
2459 2637 2523 2695 in
2569 2654 2666 2695 ore
2710 2635 2829 2694 Eu-

342 2729 501 2779 rotae
544 2721 702 2800 apud
749 2722 939 2782 Helos
985 2724 1111 2782 sita.

1118 2908 1223 2984 lV.
1269 2907 1368 2984 De
1414 2909 1605 2984 humi
1653 2913 2048 2984 structura.

512 3050 886 3111 Continentis
951 3052 1161 3113 Graeci
1223 3065 1400 3131 atque
1468 3051 1792 3113 insularum
1860 3053 2241 3111 finitimarum
2302 3051 2518 3110 humus
2573 3053 2830 3111 maxima

333 3137 574 3216 quidem
618 3159 693 3198 ex
739 3149 903 3217 parte
947 3159 980 3198 e
1024 3141 1183 3199 saxis
1228 3140 1649 3199 sedimentariis
1705 3139 1955 3199 formata
2000 3149 2112 3209 est;
2174 3137 2448 3198 vulcania
2510 3158 2654 3197 saxa
2697 3158 2828 3198 rare

338 3223 738 3284 inveniuntur.
828 3225 1125 3304 Imprimis
1181 3226 1396 3285 humus
1454 3247 1486 3285 e
1544 3227 1704 3285 saxis
1765 3225 2025 3285 calcariis
2077 3234 2376 3285 exstructa
2428 3236 2542 3292 est;
2605 3235 2831 3304 praeter

337 3328 410 3367 ea
451 3330 683 3388 quoque
728 3312 942 3383 schisti,
1005 3332 1254 3391 margae,
1312 3332 1458 3372 saxa
1502 3313 1783 3379 arenaria,
1848 3332 1992 3372 saxa
2037 3311 2474 3388 conglomerata.
2518 3309 2824 3371 nonnullis

339 3394 400 3452 in
461 3397 796 3472 regionibus
862 3398 1019 3457 haud
1077 3418 1206 3458 raro
1265 3400 1662 3458 inveniuntur.
1752 3399 1933 3459 Cuius
2000 3399 2210 3458 aetatis
2271 3398 2413 3458 haec
2475 3417 2619 3456 saxa
2688 3399 2825 3468 sint,

340 3479 690 3541 difficillime
751 3483 980 3543 decerni
1042 3495 1233 3564 potest
1292 3506 1481 3563 neque
1542 3486 1722 3564 plane
1779 3497 2028 3545 constat.
2120 3484 2379 3544 Schistos
2435 3483 2823 3562 crystallinos

341 3585 473 3625 cum
522 3569 765 3627 omnino
810 3572 1218 3631 vetustissimis
1265 3573 1424 3631 saxis
1470 3573 1946 3643 adnumerentur,
2008 3573 2067 3630 in
2117 3570 2368 3631 Graecia
2422 3571 2655 3649 quidem
2702 3569 2829 3648 plu·

341 3653 468 3711 rimi
519 3654 624 3712 viri
671 3653 823 3713 docti
867 3677 942 3715 ex
984 3658 1428 3718 formationibus
1473 3658 1891 3718 recentioribus
1940 3658 2384 3716 transformatos
2430 3677 2555 3715 csse
2586 3665 2825 3735 putant3

340 3739 444 3799 sed
490 3741 819 3819 nuperrime
871 3743 930 3801 in
987 3746 1143 3804 saxis
1186 3745 1464 3815 calcariis,
1519 3765 1672 3824 quae
1716 3745 1907 3804 adhuc
1952 3745 2207 3803 tertiaria
2265 3764 2393 3802 esse
2448 3743 2825 3820 putabantur,

339 3826 567 3886 fossilis
632 3825 1003 3888 formationis
1070 3832 1361 3891 triassicae
1427 3834 1671 3892 inventa
1738 3841 1907 3896 sunt,
1977 3829 2136 3889 unde
2202 3850 2361 3889 nunc
2431 3827 2824 3907 palaeozoieas

339 3931 574 3993 quoque
620 3913 997 3976 formationes
1042 3918 1386 3977 statuendas
1434 3919 1540 3978 viri
1588 3918 1739 3977 docti
1788 3927 2015 3996 putant.

512 4013 570 4086 a)
617 4011 1050 4089 Antiquissima
1096 4012 1377 4074 Graeciae
1424 4033 1571 4072 saxa
1614 4011 1850 4072 schisti
1899 4008 2278 4086 crystallini
2327 4008 2691 4083 Cycladum
2740 4011 2826 4068 in-

235 4099 243 4106 ‘
337 4093 598 4155 sulamm
643 4107 797 4163 sunt.
845 4098 943 4176 qui
990 4098 1226 4178 Epidot,
1290 4099 1684 4178 Glaucophon
1730 4109 1905 4176 atque
1952 4099 2175 4164 micam,
2238 4096 2456 4156 talcum
2501 4097 2825 4156 continent.

338 4181 708 4257 Quibuscum
755 4186 917 4243 saxis
962 4185 1213 4244 invicem
1260 4206 1546 4245 marmora
1578 4186 1978 4245 inveniuntur.
2050 4185 2121 4243 In
2156 4184 2331 4244 Creta
2361 4202 2593 4262 quoque
2626 4183 2825 4242 schisti

337 4276 398 4327 et
440 4268 630 4328 calces
675 4270 998 4349 crystallini
1047 4282 1204 4331 sunt.

511 4364 574 4443 b)
620 4365 858 4441 Quibus
914 4366 1240 4445 Cycladum
1305 4367 1463 4426 saxis
1519 4367 1864 4427 recentiores
1921 4363 2158 4425 schisti
2212 4365 2567 4425 continentis
2614 4365 2823 4426 Graeci

340 4460 494 4522 aunt,
542 4453 599 4510 in
646 4453 865 4531 quibus
909 4454 1190 4532 imprimis
1236 4453 1434 4513 schisti
1482 4452 1722 4532 argillas
1765 4465 1824 4511 et
1869 4453 2051 4511 micas
2087 4453 2470 4520 continentes,
2518 4471 2663 4511 saxa
2706 4451 2825 4511 sili-

338 4547 483 4609 cata,
544 4539 738 4598 minus
794 4559 968 4618 saepe
1028 4540 1225 4599 schisti
1284 4539 1523 4599 eloritici
1585 4551 1644 4599 et
1702 4538 1885 4600 albidi
1944 4540 2143 4598 schisti
2202 4540 2381 4598 micas
2435 4539 2823 4602 continentes·
