3269 5126
487 359 621 414 XIV
1559 361 1893 412 IntroductiO.

1368 563 1466 639 ΙΙΙ.
1515 563 1613 639 De
1655 564 2095 653 irrigatione.

663 706 917 769 Graecia
962 705 1230 785 plurimis
1276 706 1631 766 fluminibus
1692 707 1976 787 irrigatur,
2040 726 2286 786 quorum
2340 705 2719 791 plurimorum
2776 726 2983 767 cursus

489 794 686 855 brevis
732 804 834 865 est,
881 813 1058 872 quare
1102 804 1323 853 aestate
1368 813 1541 872 saepe
1587 814 1821 872 prorsus
1865 794 2251 854 exsiccantur.

661 881 736 940 In
797 881 1112 940 montibus·
1140 879 1304 959 Epiri
1363 878 1946 959 septemtrionalibuS‚
2011 901 2046 939 a
2104 880 2321 959 quibus
2372 878 2627 939 flumina
2686 881 2748 939 in
2796 879 2984 941 Alba-

489 968 648 1027 niam
695 967 1081 1038 divertuntur,
1126 966 1272 1026 haee
1317 966 1574 1025 flumina
1608 967 1889 1046 originem
1922 967 2157 1038 habent,
2204 986 2355 1045 quae
2385 966 2445 1025 in
2488 967 2784 1044 regionem
2833 968 2988 1027 inter

493 1054 794 1114 meridiem
853 1064 911 1112 et
954 1053 1314 1113 occidentem
1361 1061 1723 1132 spectantem
1771 1064 1928 1112 recta
1979 1054 2039 1112 in
2085 1053 2295 1112 fretum
2344 1054 2494 1114 inter
2537 1052 2852 1132 Corcyram
2899 1055 2987 1114 in-

492 1140 685 1200 sulam
722 1150 780 1199 et
809 1140 1207 1199 continentem
1240 1140 1406 1198 sitam
1440 1138 1730 1198 influunt:
1778 1137 2144 1199 Kalesiotis
2180 1139 2425 1211 flumen,
2466 1139 2639 1219 quod,
2669 1150 2983 1220 postquam

493 1225 855 1288 Bistricam
903 1227 965 1285 in
1014 1247 1074 1285 se
1117 1226 1357 1305 recepit,
1417 1227 1481 1284 in
1528 1225 1845 1285 Butrinto
1904 1226 2100 1286 lacum
2156 1226 2382 1295 influit;
2442 1246 2477 1285 a
2523 1246 2640 1305 quo
2684 1226 2984 1287 meridiem

493 1334 701 1374 versus
735 1312 948 1374 Pavla
992 1322 1050 1373 et
1080 1310 1398 1387 Thyamis
1445 1312 1569 1372 sive
1612 1311 1931 1372 Kalamas
1975 1312 2233 1373 flumina
2276 1332 2426 1392 quae
2471 1313 2622 1372 inter
2666 1312 2987 1392 Corcyram

490 1399 751 1460 insulam
810 1408 869 1459 et
927 1400 1326 1459 continentem
1387 1398 1668 1459 influunt.
1757 1399 1906 1459 Pars
1965 1399 2195 1459 insulae
2254 1400 2610 1459 contrarium
2655 1396 2988 1459 'Acheron

491 1485 724 1547 flumen
768 1486 988 1558 influit,
1049 1497 1361 1565 postquam
1408 1485 1611 1565 paullo
1658 1495 1793 1545 ante
1847 1506 1980 1546 cum
2030 1482 2273 1560 Cocyto
2319 1484 2384 1545 fl.
2431 1506 2493 1546 se
2537 1487 2859 1557 coniunxit,
2921 1486 2987 1546 in

493 1573 649 1653 quod
698 1574 889 1653 ipsum
939 1571 1381 1650 Margarition
1426 1572 1491 1632 fl.
1538 1572 1758 1632 influit.
1841 1572 1915 1632 In
1963 1572 2154 1631 sinum
2201 1572 2618 1632 'Ambracicum
2666 1571 2881 1633 lauros
2927 1582 2989 1632 et

496 1658 875 1720 Arachthos
934 1659 1190 1719 flumina
1243 1659 1527 1722 influunt.
1620 1658 1694 1718 In
1741 1659 2010 1719 Peristeri
2068 1659 2399 1731 montibuS,
2462 1658 2796 1720 Achelous
2861 1661 2989 1720 sive

497 1745 1039 1819 Aspropotamos,
1094 1766 1278 1805 unum
1322 1766 1399 1805 ex
1443 1746 1712 1805 maximis
1759 1744 2042 1807 Graeciae
2087 1743 2455 1814 fluminibus,
2519 1747 2718 1818 oritur,
2778 1746 2877 1825 qui
2922 1748 2987 1805 in

493 1833 798 1893 meridiem
860 1844 1050 1892 rectus
1096 1832 1268 1892 Pindi
1324 1830 1511 1892 valles
1569 1842 1629 1892 et
1688 1831 2107 1893 occidentalem
2156 1830 2428 1892 Aetoliae
2476 1842 2700 1914 partem
2746 1832 2993 1913 perfluit

497 1929 676 1999 atque
735 1917 936 1979 multis
997 1919 1319 1979 minoribus
1375 1918 1736 1978 fluminibus
1788 1919 2034 1998 receptis
2098 1920 2159 1978 in
2214 1919 2449 1996 regione
2507 1940 2542 1979 a
2588 1918 2991 1999 Missolunghi

495 2006 857 2066 occidentem
895 2026 1127 2065 versus
1182 2008 1292 2064 sita
1335 2007 1393 2065 in
1444 2026 1601 2065 mare
1647 2006 1873 2074 influit;
1935 2025 2054 2085 qua
2112 2006 2189 2065 ab
2247 2004 2391 2065 urbe
2449 2007 2726 2066 orientem
2783 2026 2992 2067 versus

499 2092 766 2154 Evenos
813 2094 939 2151 sive
967 2090 1304 2165 Phidon-is»,
1351 2092 1506 2170 quod
1536 2092 1764 2152 flumen
1798 2091 1984 2151 multo
2015 2092 2274 2152 breviore
2312 2112 2485 2153 cursu
2530 2102 2637 2172 est,
2684 2094 2747 2152 in
2793 2094 2988 2152 sinum

497 2179 824 2239 Patranum
870 2200 932 2238 se
976 2178 1334 2258 praecipitat.
1423 2178 1498 2238 In
1545 2178 1856 2239 Lakmone
1901 2179 2023 2239 sive
2069 2179 2230 2258 Zygo
2276 2188 2489 2251 monte,
2538 2181 2638 2258 qui
2686 2181 2747 2239 in
2792 2179 2992 2239 Pindo

499 2265 961 2345 septemtrionali
1031 2267 1178 2325 situs
1245 2274 1361 2336 est,
1454 2265 1615 2344 apud
1683 2264 1978 2325 Malakasi
2047 2264 2335 2325 Peneios
2410 2267 2532 2326 sive
2606 2263 2989 2326 Salambria

495 2350 727 2413 fluvius
771 2353 965 2423 oritur,
1028 2353 1146 2430 qui,
1210 2360 1518 2431 postquam
1581 2371 1797 2431 magno
1843 2350 2009 2411 flexu
2065 2352 2370 2431 planitiem
2416 2353 2816 2413 Thessalicam
2863 2373 2991 2433 per-

495 2438 696 2513 fluxit,
760 2437 1021 2518 Olympo
1073 2448 1132 2498 et
1176 2438 1334 2499 Ossa
1392 2438 1688 2498 montibus
1748 2439 1808 2497 in
1869 2439 2171 2517 angustias
2226 2438 2563 2519 compulsus
2620 2460 2725 2520 per
2767 2439 2992 2518 Tempe

499 2524 729 2586 vallem*
762 2527 821 2584 in
871 2545 1028 2585 mare
1060 2545 1120 2585 se
1153 2524 1526 2605 praecipitat;
1573 2526 1738 2586 euius
1766 2525 2039 2585 fluminis
2067 2526 2364 2586 sinistram
2396 2527 2457 2586 in
2490 2526 2675 2606 ripam
2710 2524 2990 2604 Georgi-

497 2610 670 2673 trias
715 2612 956 2683 fluvius,
1002 2614 1101 2691 qui
1147 2633 1222 2672 ex
1253 2612 1547 2673 montibus
1577 2614 1640 2671 in
1672 2611 1897 2671 finibus
1927 2611 2310 2672 Macedoniae
2341 2609 2464 2673 Sitis
2490 2615 2772 2692 originem
2817 2614 2990 2692 capit,

497 2700 817 2776 Murgan,
862 2696 1280 2774 Trikalinos‚
1343 2698 1582 2759 Xerias
1627 2699 1817 2768 fluvii,
1879 2700 1941 2757 in
1989 2699 2289 2758 dexteram
2335 2700 2520 2778 ripam
2566 2721 2700 2760 cum
2748 2700 2991 2760 Kasta-

499 2785 806 2845 niotikos
851 2797 976 2844 tum
1011 2782 1330 2859 Enipeus,
1378 2786 1479 2864 qui
1512 2788 1641 2865 ipse
1688 2785 1906 2844 multos
1936 2784 2156 2846 fluvios
2188 2787 2404 2865 recipit,
2450 2786 2729 2847 influunt.
2794 2785 2993 2846 Vallis

498 2882 768 2951 angusta,
824 2892 974 2951 quae
1029 2873 1179 2932 inter
1223 2871 1476 2951 Othrym
1522 2882 1578 2931 et
1625 2871 1840 2932 Oetam
1885 2883 2141 2932 montem
2192 2872 2303 2931 sita
2345 2883 2448 2945 est,
2512 2871 2829 2946 Sperchio
2876 2872 2991 2932 flu*-

503 2960 660 3018 mine
707 2958 1031 3037 perimitur,
1093 2959 1248 3037 quod
1294 2958 1721 3038 Thermopylas
1766 2968 1996 3037 praeter
2038 2958 2237 3018 fluens
2285 2959 2344 3017 in
2391 2961 2586 3018 sinum
2633 2959 2993 3019 Lamiauum

498 3044 717 3104 influit.
792 3044 866 3104 In
912 3044 1091 3104 latere
1134 3045 1408 3104 Parnassi
1457 3043 1963 3124 septemtrionales
2011 3065 2214 3105 versus
2276 3046 2387 3104 sito
2446 3047 2991 3118 Mavropotamos

501 3132 627 3190 sive
669 3130 992 3203 Cepissus
1040 3131 1398 3191 Boeoticus
1453 3133 1731 3209 originem
1790 3133 1961 3211 capit,
2025 3133 2124 3210 qui
2180 3131 2383 3191 multis
2428 3132 2630 3192 fluviis
2675 3144 2883 3192 auctus
2930 3133 2994 3191 in

501 3217 721 3276 lacum
758 3216 1117 3289 Copaidem
1166 3218 1384 3280 influit.
1463 3218 1533 3278 In
1585 3217 1826 3277 Boeotia
1871 3238 2102 3297 quoque
2141 3217 2411 3278 Ismene
2456 3233 2516 3278 et
2546 3218 2741 3278 Dirce
2789 3218 2992 3277 fluviis

502 3302 668 3363 lacus
711 3302 968 3378 Hylike
1024 3305 1144 3363 sive
1193 3303 1439 3379 Lykeri
1494 3325 1713 3384 parvus
1769 3306 1855 3365 fit.
1946 3304 2259 3365 Planitiem
2318 3306 2578 3365 Atticam
2627 3303 2992 3377 cephissus

501 3389 733 3449 flumen
764 3390 1019 3468 perfluit,
1066 3391 1223 3470 quod
1256 3412 1329 3450 ex
1362 3391 1657 3451 Parnethe
1693 3400 1751 3450 et
1777 3390 2085 3451 Pentelico
2116 3391 2413 3452 montibus
2444 3401 2635 3452 ortum
2670 3391 2894 3468 llysso
2926 3389 2992 3450 fl.

504 3486 735 3555 recepto
780 3477 940 3555 apud
984 3477 1278 3537 Phaleron
1324 3479 1386 3537 in
1435 3499 1593 3538 mare
1640 3499 1700 3537 se
1745 3478 2098 3558 praecipitat.

676 3562 857 3622 Multi
905 3563 1075 3623 fluvii
1121 3565 1288 3644 parvi
1338 3566 1396 3623 in
1446 3565 1728 3624 tractibus
1772 3566 2055 3624 montium
2103 3566 2162 3623 in
2212 3565 2669 3643 septemtrionali
2701 3564 2994 3643 Pelepon·

501 3650 628 3708 nesi
675 3659 840 3728 parte
886 3651 996 3709 sita
1040 3651 1322 3729 originem
1371 3652 1611 3730 capiunt
1654 3660 1828 3730 atque
1881 3653 1941 3710 in
1990 3652 2183 3710 sinum
2230 3652 2667 3712 Corinthiacum
2714 3650 2994 3711 influunt.

502 3735 743 3811 Quibus
788 3737 972 3796 maior
1001 3736 1297 3797 Peneius
1343 3737 1581 3808 fluvius,
1630 3738 1731 3816 qui
1766 3737 2067 3815 Zacyntho
2116 3737 2343 3797 insulae
2373 3739 2696 3798 contrarius
2743 3739 2804 3797 in
2837 3757 2996 3797 mare

501 3823 759 3902 jonieum
825 3822 1059 3895 influit;
1121 3844 1156 3883 a
1215 3844 1333 3903 quo
1396 3824 1695 3883 meridiem
1754 3844 1955 3883 versus
2001 3823 2298 3897 Alpheus
2358 3827 2481 3885 sive
2540 3823 2860 3898 Raphias,
2920 3844 2995 3883 ex

507 3910 798 3969 Arcadiae
845 3911 1147 3970 montibus
1190 3924 1351 3970 ortus
1401 3910 1619 3982 influit,
1664 3930 1837 3989 porro
1874 3911 2167 3970 meridiem
2204 3932 2403 3971 versus
2436 3910 2613 3972 Buni
2661 3912 2783 3971 sive
2814 3909 2997 3971 Neda

505 3995 589 4067 fl.,
622 3996 721 4075 qui
753 4017 826 4055 ex
863 3996 1175 4077 Diaphorti
1211 4007 1410 4056 monte
1443 3997 1638 4057 oritur.
1702 3997 2032 4056 Messeniae
2064 4000 2391 4057 maximum
2420 3998 2649 4058 flumen
2681 3995 2995 4058 Pamisus

506 4083 630 4141 sive
665 4082 984 4143 Pirnatza
1028 4095 1131 4155 est,
1179 4084 1334 4163 quod
1383 4085 1445 4142 in
1491 4084 1687 4142 sinum
1734 4083 2130 4144 Messenieum
2179 4084 2391 4144 influit.
2466 4085 2651 4144 Haud
2698 4085 2875 4161 longe
2921 4082 2996 4143 ab

505 4168 726 4247 Alphei
774 4170 1037 4229 fontibus
1071 4170 1360 4230 Eurotae
1407 4172 1529 4230 sive
1568 4169 1667 4229 Iri
1715 4171 1873 4248 origo
1902 4171 2096 4242 distat,
2139 4173 2239 4250 qui
2271 4171 2542 4252 Spartam
2576 4171 2998 4250 praeterfluens

507 4255 660 4314 inter
702 4265 920 4316 tractus
966 4257 1212 4336 Taygeti
1268 4267 1326 4316 et
1371 4256 1611 4317 Malevo
1667 4258 1959 4317 montium
2005 4259 2247 4336 receptis
2294 4257 2493 4317 multis
2539 4258 2743 4318 fluviis
2788 4279 2864 4318 ex
2907 4258 2998 4316 his

507 4342 801 4401 montibus
870 4345 1010 4403 ortis
1080 4345 1139 4402 in
1207 4345 1396 4403 sinum
1461 4343 1996 4404 Marathonisinum
2064 4345 2280 4404 influit.
2371 4346 2611 4424 Pauper
2676 4344 2996 4404 fluminum

506 4428 804 4488 orientalis
835 4428 1230 4508 Peloponnesi
1274 4450 1412 4510 pars
1451 4441 1555 4500 est,
1604 4431 1664 4489 in
1697 4450 1813 4511 qua
1846 4430 2142 4491 Inachus
2190 4430 2350 4492 solus
2382 4432 2543 4511 apud
2574 4432 2768 4510 Argos
2800 4431 2998 4492 fluens

508 4516 1055 4576 commemoratione
1101 4516 1314 4595 dignus
1358 4527 1461 4576 est.
