3269 5126
445 328 544 381 XX
1520 331 1847 379 Introductio.

442 504 780 564 Thessaliae
824 514 1017 583 partes
1063 503 1320 563 diffusae
1366 503 1455 561 his
1502 503 1842 581 regionibus
1890 503 1983 562 vel
2030 503 2255 562 flavum
2320 502 2413 562 vel
2459 503 2785 562 caeruleum
2835 504 2929 562 vel

443 592 647 652 album
694 590 943 651 colorem
991 591 1255 650 afferunt
1300 591 1396 657 ita,
1443 601 1508 649 ut
1539 601 1700 649 satae
1730 612 1856 649 esse
1904 590 2228 649 videantur.
2302 588 2355 651 d.
2406 588 2740 649 Formatio
2787 590 2927 649 sus·

446 677 766 739 fruticum
801 676 1155 737 humilium
1189 679 1314 737 sive
1339 676 1880 752 Phrygauorum‚
1921 678 1977 736 in
2009 698 2128 755 qua
2152 676 2442 736 nonnulla
2481 675 2645 739 Cisti
2672 698 2930 756 ymera,

453 764 724 829 Geni-sla
770 762 1253 841 acanthoclacla,
1318 762 1649 843 Anthfflis
1704 762 2164 843 Hermanniae,
2224 762 2549 825 Potem'um
2592 764 2933 843 spinosum.

445 850 736 915 Phlomis
750 850 1096 935 fruticosa,
1148 849 1456 914 δαΐαν-εἰει
1490 849 1799 931 thymbra,
1845 850 2125 932 Thymus
2162 849 2502 929 capitatus,
2554 848 2935 914 Globularia.

447 940 723 1021 alypum,
810 938 1194 1018 Thymelaea
1258 936 1512 1000 hirsuta
1579 948 1638 997 et
1705 936 2122 1008 tarto-muira,
2197 935 2575 1018 Euphorbi-a
2636 937 2936 1001 acantho-

447 1025 755 1093 mammos,
818 1046 968 1104 quae
1031 1025 1207 1084 huius
1267 1025 1634 1084 formationis
1694 1026 1914 1103 species
1974 1026 2355 1102 gravissimae
2417 1035 2570 1095 sunt,
2632 1036 2689 1084 et
2748 1025 2935 1084 multa

449 1112 761 1173 herbarum
810 1122 1138 1172 tenerarum
1187 1122 1363 1190 atque
1396 1112 1770 1171 suffruticum
1815 1132 2041 1190 genera,
2089 1132 2238 1190 quae
2286 1111 2516 1171 illorum
2563 1113 2730 1190 quasi
2755 1112 2935 1171 tutela

447 1210 652 1259 contra
710 1199 848 1259 solis
907 1199 1170 1258 ardorem
1243 1211 1419 1277 atque
1477 1198 1596 1258 alia
1651 1199 2022 1257 incommoda
2079 1209 2341 1261 utuntur.
2434 1198 2732 1258 Nonnulis
2795 1198 2935 1258 locis

450 1287 594 1346 haec
641 1286 915 1345 formatio
961 1306 1082 1345 una
1126 1286 1244 1345 fere
1280 1286 1471 1364 specie
1510 1285 1636 1345 sola
1681 1287 2026 1355 continetur,
2073 1286 2237 1343 cuius
2285 1285 2497 1345 herbae
2544 1287 2806 1364 singulae
2852 1288 2936 1347 in·

449 1371 840 1433 numerabiles
885 1384 1026 1432 sunt
1078 1381 1146 1431 ut
1201 1373 1259 1431 in
1321 1372 1566 1451 planitie
1608 1373 1809 1431 Attica
1857 1370 2137 1453 Thymus
2183 1370 2517 1452 capital-113,
2581 1373 2638 1430 in
2687 1371 2936 1432 collibus

447 1460 604 1539 apud
661 1459 1058 1519 Kravassaras
1119 1469 1178 1518 et
1235 1460 1386 1518 Arta
1440 1459 1565 1519 sitis
1625 1456 1917 1523 Phlomis
1971 1457 2305 1541 fruticosa.
2411 1455 2529 1534 Qui
2597 1459 2774 1519 colles
2827 1459 2938 1518 hae

448 1547 799 1606 formatione
858 1546 1070 1605 obtecti
1127 1545 1202 1605 ab
1250 1545 1455 1605 incolis
1503 1545 1869 1607 Xerovuna
1914 1546 2197 1604 nominati
2252 1556 2376 1604 tota
2420 1545 2476 1603 in
2528 1555 2676 1604 terra
2718 1550 2937 1624 (saepe)

452 1634 846 1693 inveniuntur.
897 1632 1067 1709 Quae
1093 1632 1362 1691 formatio
1388 1632 1691 1692 nonnullis
1716 1632 1856 1692 locis
1882 1653 2066 1711 usque
2097 1632 2170 1691 ad
2204 1633 2461 1710 regiones
2495 1638 2836 1695 60-1000
2862 1654 2934 1691 m.

449 1741 700 1799 aequore
746 1721 921 1779 maris
952 1718 1185 1779 altiores
1216 1720 1516 1779 invenitur
1560 1729 1626 1779 ut-
1659 1721 1718 1779 in
1749 1720 2051 1780 Pentelico
2090 1731 2265 1797 atque
2299 1719 2588 1797 Hymetto
2635 1720 2933 1779 montibus

451 1809 512 1867 in
559 1806 778 1877 Attica,
829 1808 886 1865 in
937 1806 1196 1875 Euboea,
1247 1807 1303 1864 in
1350 1805 1580 1866 Ithome
1627 1818 1824 1865 monte
1870 1806 2215 1865 Messeniae.
2307 1826 2355 1868 ε.
2408 1804 2745 1866 Formatio
2794 1806 2927 1866 fru-

451 1892 658 1954 ticum
708 1891 1270 1965 sempervirorum
1320 1894 1441 1953 sive
1487 1892 1961 1965 Macehiorum,
2021 1894 2079 1950 in
2127 1914 2241 1970 qua
2290 1891 2568 1971 ,Men-tus,
2630 1893 2933 1971 Arbutees,

451 1979 678 2057 Erica,
735 1978 1146 2060 Calycotmne,
1185 1979 1537 2061 Spartium,
1574 1979 1752 2043 Rosa
1782 1978 2251 2061 sempewz‘rmvs,
2302 1978 2526 2041 Bubus
2556 1978 2932 2062 ulmzjfolius.

453 2065 769 2144 pistacia,
824 2066 1191 2143 Ceratonia,
1236 2065 1410 2145 Olea,
1461 2065 1645 2129 Rhus
1674 2066 1939 2143 cotinus,
1980 2063 2331 2146 Phyllirea,
2388 2064 2619 2143 Ceo-0225,
2665 2070 2940 2145 Quercus

453 2153 582 2217 ileu:
634 2164 693 2214 et
737 2153 1073 2237 cocmfera,
1144 2152 1460 2217 Lonicera
1518 2159 1785 2229 etrusca,
1849 2153 2208 2233 June'perus
2253 2151 2623 2232 phoenicea,
2690 2153 2941 2217 [tuscus

454 2241 801 2318 aculeata-5¹,
850 2261 1000 2319 quae
1048 2242 1268 2319 speeies
1301 2240 1553 2318 virgulta
1584 2241 1755 2300 modo
1787 2240 1969 2301 densa
2001 2240 2289 2309 efficiunt,
2336 2240 2444 2299 sub
2476 2240 2687 2318 quibus
2720 2262 2940 2319 paucae

454 2328 668 2388 herbae
715 2338 868 2397 sunt,
918 2328 1090 2387 modo
1121 2326 1330 2397 soluta,
1377 2326 1486 2386 sub
1528 2327 1742 2406 quibus
1791 2327 2072 2406 plurimas
2119 2326 2329 2386 herbas
2375 2348 2447 2385 ex
2495 2328 2668 2386 variis
2702 2327 2941 2385 familiis

453 2415 736 2474 invenias,
800 2411 852 2492 C.
887 2412 1225 2473 Formatio
1252 2413 1472 2473 oleae.
1545 2413 1811 2474 Incultae
1842 2413 2018 2481 oleae,
2052 2435 2201 2492 quae
2236 2414 2483 2492 virgulta
2516 2415 2753 2491 spinosa
2786 2425 2940 2485 sunt,

454 2512 637 2561 totam
682 2521 786 2581 per
829 2512 1038 2560 terram
1085 2501 1392 2580 dispersae,
1454 2501 1555 2560 sed
1600 2501 1849 2578 singulis
1895 2501 2037 2560 loeis
2082 2520 2243 2559 rarae
2290 2500 2350 2558 in
2400 2499 2794 2559 Macchiorum
2840 2514 2944 2560 aut

453 2609 718 2670 quercu-s·
749 2586 1094 2668 cocci-ferae
1136 2588 1585 2648 formationibus
1625 2590 2032 2658 inveniuntur;
2079 2588 2270 2648 cultae
2315 2588 2551 2647 demum
2599 2588 2942 2648 efficiuntur

454 2676 686 2736 arbores
733 2676 859 2735 sine
907 2676 1104 2755 spinis,
1152 2676 1393 2753 quaein
1427 2674 1795 2735 altitudinem
1848 2681 2012 2736 3—7
2056 2695 2129 2734 m.
2177 2683 2445 2734 crescunt
2491 2696 2678 2753 neque
2724 2675 2941 2735 densae

454 2774 620 2833 sunt3
668 2763 881 2842 quibus
915 2762 1025 2822 sub
1071 2760 1215 2822 oleis
1260 2761 1434 2822 cultis
1466 2762 1735 2821 similiter
1763 2772 1939 2840 atque
1972 2760 2081 2820 sub
2115 2761 2402 2820 Macchiis
2433 2761 2645 2822 herbae
2691 2761 2939 2822 humiles

455 2851 578 2910 sive
608 2849 864 2926 virgulta
896 2848 1069 2912 Rubi
1098 2847 1406 2933 ulmzfolii
1436 2848 1669 2925 singula
1698 2849 2103 2919 inveniuntur;
2157 2846 2429 2908 coluntur
2460 2870 2691 2927 quoque
2733 2849 2842 2908 sub
2868 2849 2941 2907 iis

456 2938 603 2997 vites
627 2946 686 2996 et
704 2937 1015 2996 frumenta.
1064 2936 1235 3012 Quae
1260 2937 1493 2995 arbores
1518 2945 1638 2994 tota
1662 2938 1722 2995 in
1752 2947 1897 2995 terra
1925 2936 2331 3006 inveniunt-um
2360 2944 2531 2994 notae
2555 2944 2696 2994 sunt
2712 2946 2945 3016 propter

455 3025 855 3083 extensionem
904 3022 1191 3082 olivarum
1239 3023 1422 3083 silvae
1481 3023 1540 3081 in
1586 3022 1848 3083 Phocide
1907 3022 2064 3101 apud
2113 3021 2512 3101 Amphissam,
2574 3022 2636 3081 in
2682 3021 2942 3101 Megara,

457 3111 613 3189 apud
676 3110 961 3180 Athenas,
1031 3109 1131 3169 ubi
1192 3131 1294 3188 per
1353 3119 1531 3169 totam
1595 3109 1859 3188 Cephissi
1931 3108 2144 3169 vallem
2216 3130 2398 3187 usque
2465 3109 2540 3168 ad
2604 3108 2943 3170 Pentelicon

455 3207 712 3256 montem
773 3197 832 3254 in
899 3196 1320 3274 longitudinem
1390 3217 1576 3275 usque
1636 3195 1711 3256 ad
1780 3201 1855 3256 15
1905 3195 2027 3255 km.
2088 3196 2148 3253 in
2206 3194 2578 3254 latitudinem
2637 3217 2823 3274 usque
2868 3197 2941 3254 ad

458 3290 492 3344 2
542 3282 660 3342 km.
706 3283 1097 3362 porriguntur.
1167 3304 1223 3365 η.
1275 3281 1610 3342 Formatio
1658 3282 1953 3363 Quercus
2001 3280 2406 3342 cocciferae:
2455 3283 2721 3357 Quercus
2767 3283 2946 3342 cocci-

457 3371 612 3429 ferae
654 3369 812 3429 solae
857 3369 976 3428 fere
1022 3368 1254 3428 arbores
1302 3371 1357 3429 in
1406 3370 1516 3429 hac
1561 3370 1911 3429 formatione
1957 3369 2360 3439 inveniuntur;
2426 3376 2451 3429 1
2505 3390 2578 3428 m.
2626 3369 2746 3429 fere
2790 3369 2944 3428 altae

454 3467 630 3536 atque
677 3456 908 3526 densae,
958 3477 1202 3536 magnas
1242 3458 1501 3532 regiones
1533 3456 1822 3532 obtegunt
1854 3456 2206 3534 singularem
2240 3467 2540 3534 aspectum
2578 3456 2940 3535 praebentes,

455 3544 613 3603 Nam
658 3543 891 3603 arbores
939 3543 1203 3622 singulae
1247 3565 1383 3603 vere
1430 3565 1673 3603 mancae
1720 3553 1872 3613 sunt,
1933 3543 2089 3622 quod
2152 3544 2275 3602 sine
2338 3543 2461 3602 ulla
2516 3544 2739 3603 ratione
2793 3545 2944 3603 exci-

454 3632 690 3701 duntur,
751 3630 974 3700 deinde,
1037 3631 1192 3709 quod
1240 3651 1379 3690 oves
1425 3641 1484 3690 et
1527 3651 1753 3709 caprae,
1811 3650 2059 3709 quarum
2112 3651 2317 3708 greges
2364 3631 2453 3689 his
2501 3630 2559 3688 in
2609 3630 2942 3710 regionibus

457 3717 623 3777 multi
669 3729 1004 3797 pascuntur,
1053 3738 1183 3777 cum
1231 3718 1524 3777 meliorem
1572 3728 1806 3796 pastum
1840 3737 1958 3776 non
1993 3716 2314 3786 inveniant,
2362 3718 2627 3792 germina
2672 3718 2942 3795 quamvis

456 3804 611 3864 foliis
657 3805 847 3883 spissa
904 3805 1210 3872 derodant,
1272 3825 1422 3883 quae
1485 3825 1590 3873 reS,
1651 3805 1968 3882 quominus
2014 3803 2245 3863 altiores
2293 3803 2460 3872 fiant,
2520 3804 2942 3882 impedimento

455 3901 567 3963 est;
629 3912 751 3950 rem
798 3892 880 3950 ita
925 3912 985 3950 se
1032 3891 1244 3950 habere
1287 3891 1424 3951 inde
1471 3889 1829 3968 intelligitur,
1884 3890 2039 3969 quod
2089 3890 2375 3949 interdum
2426 3890 2659 3950 arbores
2706 3890 2942 3950 adultae

456 3978 855 4038 inveniuntur.
949 3977 1224 4056 virgulta
1269 3998 1342 4036 ex
1373 3976 1704 4057 quercubus
1735 3978 2027 4036 eoeciferis
2073 3977 2394 4056 composita
2452 3977 2757 4036 nonnullis
2803 3978 2941 4037 locis

456 4085 671 4144 magna
718 4085 819 4142 per
855 4065 1042 4142 spatia
1087 4065 1318 4143 pascuis
1355 4064 1608 4124 exilibus
1643 4065 2161 4143 interrumpuntur,
2210 4084 2454 4142 quorum
2497 4064 2555 4122 in
2584 4063 2766 4123 humo
2797 4064 2939 4143 lapi-

455 4152 599 4210 dosa
645 4153 932 4228 vegetatio
991 4152 1200 4228 exigua
1253 4161 1356 4210 est.
1446 4152 1639 4212 Rarae
1684 4151 1918 4211 arbores
1964 4149 2163 4214 Acer&
2206 4150 2730 4230 monspessulani,
2792 4149 2945 4213 Piri

457 4237 1036 4321 αηιμρεῖαἶζίὸνηιίε.
1096 4242 1361 4316 Uslrycw
1415 4250 1517 4297 aut
1563 4240 1797 4297 frutices
1843 4237 2149 4318 ,lumperi
2197 4236 2509 4316 myseedri,
2560 4237 2940 4318 Phyllz‘reae‚

463 4324 770 4401 Colutcae,
843 4323 1278 4404 Calyeolomm'
1332 4327 1454 4384 sive
1513 4323 1844 4388 Pistac'iae
1899 4344 2053 4385 sunt.
2160 4325 2397 4384 Herbae
2452 4325 2706 4383 humiles
2763 4326 2941 4385 conti-

456 4423 671 4471 nentur
714 4432 818 4490 pro
865 4411 1177 4471 altitudine
1208 4411 1463 4472 locorum
1511 4412 1814 4490 speciebus
1862 4421 1963 4470 aut
2008 4413 2256 4488 regionis
2304 4412 2587 4470 inferioris
2634 4421 2739 4471 aut
2782 4432 2940 4470 mon·

458 4509 645 4570 tanae,
691 4499 830 4577 quin
880 4500 1052 4558 etiarn
1101 4498 1406 4558 abietinae.
1491 4499 1541 4558 F
1545 4500 1789 4558 ormatio
1837 4498 1977 4558 haee
2023 4520 2208 4578 usque
2254 4498 2327 4557 ad
2382 4503 2546 4560 1000
2586 4519 2657 4558 m.
2708 4499 2765 4558 in
2813 4498 2940 4558 alti-
