3269 5126
1214 1400 1846 1525 Praefatio

460 1733 696 1795 Floram
744 1732 1041 1804 Graeciae,
1095 1752 1246 1812 quae
1289 1751 1519 1810 semper
1562 1730 1791 1791 animos
1838 1751 2027 1791 rerum
2074 1740 2319 1791 naturae
2362 1730 2771 1810 inquisitorum

297 1820 608 1882 oblectatos
653 1818 907 1891 tenebat,
966 1838 1322 1898 quamquam
1382 1817 1496 1876 iam
1550 1827 1806 1878 exeunte
1864 1816 2096 1878 saeculo
2140 1817 2358 1878 XVIL
2419 1826 2478 1877 et
2533 1818 2778 1877 ineunte

299 1906 523 1967 saeculo
553 1905 803 1965 XVIII.
849 1905 1290 1985 quaestionibus
1333 1905 1588 1963 virorum
1620 1903 1921 1964 doctorum
1958 1904 2165 1984 patuit,
2211 1905 2436 1983 primus
2464 1902 2507 1965 J
2510 1898 2778 1963 ohannes

299 1993 658 2072 Sibthorpius
696 1991 983 2062 tractavit,
1030 1992 1128 2071 qui
1175 1992 1237 2050 in
1285 1989 1860 2070 peregrinationibus,
1906 2010 2055 2070 quas
2101 1989 2334 2051 saeculo
2378 1990 2631 2053 XVIII.
2679 2010 2777 2050 ex-

298 2092 464 2140 eunte
510 2078 777 2157 suscepit,
841 2098 1118 2157 magnam
1175 2078 1348 2137 buius
1405 2090 1587 2137 terrae
1645 2086 1886 2156 partem,
1946 2076 2106 2157 quod
2158 2077 2235 2137 ad
2293 2075 2504 2137 floram
2549 2078 2778 2148 attinet,

298 2166 722 2246 pervestigavit.
815 2165 1018 2244 Atque
1078 2173 1568 2236 „monumentum
1626 2184 1758 2223 aere
1820 2164 2169 2242 perennius“
2235 2172 2506 2224 exactum
2569 2175 2659 2223 est
2715 2164 2776 2221 in

296 2253 453 2313 libris
514 2251 631 2312 illis
692 2249 940 2322 duobus
1002 2271 1148 2329 quos
1206 2250 1546 2329 Sibthorpio
1605 2262 1832 2309 mortuo
1888 2250 1948 2312 J.
1995 2251 2067 2310 E.
2113 2250 2396 2311 Smithius
2455 2258 2516 2309 et
2566 2250 2779 2329 partim

295 2340 353 2400 J.
399 2337 731 2416 Lindleyus
774 2336 1099 2408 ediderunt,
1160 2335 1374 2415 quibus
1418 2336 1585 2396 libris
1643 2335 1896 2407 „Florae
1940 2336 2205 2397 Graecae
2259 2336 2636 2415 prodromus“
2693 2336 2780 2395 in·

297 2425 578 2496 scribitur,
623 2424 908 2503 imprimis
952 2434 1148 2483 autem
1195 2422 1359 2483 libris
1404 2423 1523 2482 illis
1556 2421 1757 2482 decem
1802 2422 1996 2482 forma
2039 2424 2302 2483 maxima
2345 2443 2397 2483 a.
2444 2422 2516 2485 F.
2550 2421 2782 2482 Bauero

297 2512 599 2572 illustratis
646 2519 823 2590 atque
867 2508 1082 2582 „Flora
1128 2510 1391 2572 Graeca“
1437 2509 1764 2589 inscriptis;
1826 2509 1925 2589 qui
1972 2509 2058 2570 vir
2102 2510 2164 2571 in
2209 2520 2333 2570 arte
2380 2529 2488 2570 sua
2529 2508 2781 2569 multum

296 2612 558 2658 versatus
605 2596 1005 2676 Sibthorpium
1052 2597 1509 2676 perigrinantem
1553 2596 1868 2656 comitatus
1912 2606 2038 2656 erat
2094 2608 2271 2676 atque
2324 2596 2434 2656 hos
2478 2595 2659 2656 libros
2703 2595 2780 2656 ad

297 2686 597 2744 veritatem
655 2683 874 2762 optime
934 2682 1271 2753 illustravit,
1339 2702 1518 2761 quare
1575 2683 1637 2742 in
1696 2682 2141 2761 quaestionibus
2204 2682 2278 2743 de
2342 2682 2497 2742 flora
2554 2682 2785 2744 Graeca

297 2769 581 2831 faciendis
641 2790 868 2848 semper
926 2768 1379 2829 fundamentum
1425 2769 1594 2848 quasi
1641 2778 1827 2830 erunt.
1903 2769 2054 2829 Plus
2106 2774 2272 2833 1000
2318 2770 2539 2849 species
2584 2769 2647 2828 in
2689 2768 2786 2828 his

294 2857 458 2918 libris
504 2865 922 2917 enumerantur
965 2865 1138 2935 atque
1183 2855 1396 2934 partim
1441 2854 1849 2916 describuntur
1891 2857 2016 2916 sive
2061 2855 2476 2935 depinguntur.

474 2941 952 3019 Quaestionibus‚
1007 2962 1157 3021 quae
1210 2963 1284 3001 ex
1337 2941 1438 3001 illo
1492 2950 1752 3021 tempore
1811 2942 2117 3002 institutae
2175 2952 2330 3015 sunt,
2396 2952 2457 3002 et
2507 2961 2788 3001 numerus

296 3031 393 3089 hic
439 3027 627 3088 multo
672 3038 878 3088 auctus
936 3039 1026 3087 est
1082 3040 1142 3088 et
1193 3027 1518 3088 nonnullae
1573 3030 1948 3089 tractationes
2001 3029 2267 3108 egregiae
2312 3029 2586 3089 incitatae
2631 3037 2786 3088 sunt.

295 3118 471 3193 Quae
524 3136 598 3175 ex
653 3114 1110 3193 quaestionibus,
1179 3135 1329 3193 quae
1390 3135 1575 3193 usque
1629 3114 1705 3174 ad
1763 3135 1986 3175 annum
2055 3121 2218 3178 1880
2276 3116 2580 3175 institutae
2632 3124 2786 3183 sunt,

294 3203 655 3272 efficiuntur,
725 3201 984 3260 maxima
1050 3201 1281 3280 quidem
1341 3221 1416 3261 ex
1474 3210 1639 3280 parte
1697 3201 1758 3260 in
1818 3201 2111 3262 Boissierii
2170 3200 2320 3262 libro
2385 3201 2618 3281 insigni,
2688 3201 2788 3281 qui

296 3288 514 3360 „Plora
559 3287 892 3347 orientalis“
951 3287 1299 3358 inscribitur,
1360 3287 1619 3358 collecta,
1681 3287 1784 3347 sed
1843 3298 2080 3367 propter
2137 3288 2363 3368 copiam
2410 3290 2683 3348 materiae
2728 3289 2788 3346 in

295 3376 412 3434 hoc
456 3373 603 3433 libro
649 3382 927 3434 tractatae
971 3374 1053 3432 ita
1096 3372 1379 3452 dissipata
1424 3384 1578 3444 sunt,
1626 3384 1694 3434 ut
1737 3395 1925 3433 rerum
1972 3383 2206 3446 statum,
2252 3375 2411 3454 quod
2457 3374 2532 3434 ad
2578 3374 2788 3434 floram

299 3460 593 3521 Graecam
642 3462 866 3529 attinet,
913 3458 1104 3538 qualis
1147 3480 1308 3519 nunc
1339 3460 1429 3529 sit,
1475 3460 1590 3518 nisi
1623 3460 1972 3520 difficillime
2017 3481 2136 3520 non
2183 3481 2530 3546 cognoscere
2573 3461 2788 3539 possis;

296 3555 602 3626 praeterea
645 3567 721 3604 ex
765 3555 1038 3625 tempore,
1086 3566 1203 3624 quo
1248 3545 1348 3605 ille
1392 3545 1538 3606 liber
1575 3548 1825 3626 scriptus
1855 3557 1959 3618 est,
2007 3548 2379 3626 quaestiones
2411 3548 2468 3606 in
2502 3547 2613 3606 hac
2643 3555 2793 3606 terra

295 3632 758 3712 pervestiganda
803 3652 921 3691 non
955 3631 1225 3712 paullum
1259 3643 1676 3711 processerunt,
1722 3647 1788 3693 ut
1818 3654 1936 3692 non
1977 3633 2253 3712 indignae
2296 3653 2424 3693 esse
2469 3633 2791 3704 videantur,

295 3739 457 3798 quae
502 3719 1090 3797 comprehendantur.
1182 3718 1383 3795 Quare
1440 3719 1531 3778 ius
1577 3719 1717 3778 mihi
1763 3720 1968 3779 datum
2027 3741 2154 3779 esse
2198 3729 2359 3798 pum,
2414 3730 2482 3779 ut
2527 3720 2684 3780 hunc
2728 3718 2792 3778 li-

296 3805 549 3877 bellum,
612 3805 674 3863 in
719 3825 836 3884 quo
880 3805 953 3865 de
999 3805 1278 3867 Graeciae
1331 3805 1510 3885 ipsius
1563 3804 1716 3865 flora
1773 3808 1979 3885 agitur,
2038 3806 2224 3878 edam,
2281 3807 2613 3885 praesertim
2660 3827 2790 3865 cum

296 3894 424 3951 iam
472 3893 611 3952 satis
658 3890 871 3952 multos
917 3912 1105 3952 annos
1135 3893 1274 3952 huic
1320 3891 1502 3952 florae
1547 3912 1781 3971 operam
1822 3893 1984 3968 dem3
2032 3893 2258 3961 deinde,
2305 3913 2438 3953 cum
2484 3891 2792 3952 herbarum

298 3979 629 4049 materiam,
685 3999 861 4058 quam
911 3979 1366 4058 copiosissimam
1411 3979 1767 4058 possideam;
1830 3979 2096 4058 denique,
2160 3999 2297 4038 cum
2352 3979 2478 4057 ipse
2530 3979 2590 4037 in
2638 3998 2793 4056 pere-

292 4065 737 4144 grinationibus
794 4065 954 4124 haud
1013 4085 1256 4144 parvam
1311 4066 1487 4124 huius
1546 4075 1730 4124 terrae
1773 4077 1996 4144 partem
2043 4066 2415 4143 cognoverim
2475 4073 2651 4143 atque
2704 4064 2795 4123 his

292 4173 380 4210 ex
431 4151 622 4209 causis
667 4153 1057 4229 cognitionem
1106 4151 1281 4211 huius
1327 4150 1508 4211 florae
1554 4171 1888 4231 comparare
1933 4153 2232 4231 potuerim.

487 4235 663 4311 Quod
711 4237 786 4295 ad
824 4237 1262 4315 dispositionem
1294 4240 1566 4298 materiae
1597 4239 1860 4317 pertinet,
1907 4239 2285 4317 dispositione
2318 4238 2378 4296 in
2411 4237 2795 4298 Decandollei

291 4323 693 4402 „prodromo“
740 4323 1005 4382 adhibita
1048 4344 1190 4383 usus
1236 4345 1366 4383 sum
1414 4344 1550 4395 non,
1596 4325 1755 4404 quod
1786 4326 2066 4385 rationem
2112 4326 2168 4383 in
2216 4345 2389 4404 opere
2433 4323 2534 4384 illo
2576 4325 2797 4402 gravis·

295 4412 461 4468 simo
513 4408 837 4469 adhibitam
896 4410 1276 4470 rectissimam
1333 4409 1845 4488 phylogeneticam
1902 4433 2029 4472 esse
2086 4421 2303 4490 putem,
2363 4411 2466 4471 sed
2530 4409 2799 4471 utilitatis

292 4516 508 4567 causa,
555 4506 622 4554 ut
667 4495 747 4554 ita
776 4495 984 4568 dicam,
1031 4517 1163 4556 cum
1197 4497 1341 4556 haec
1373 4496 1674 4575 dispositio
1706 4498 1960 4557 maxime
1991 4497 2336 4576 pervulgata
2368 4498 2457 4559 sit.
2527 4497 2797 4558 Ceterum

419 4633 463 4666 v.
489 4621 708 4676 Halmy,
735 4620 869 4664 Flora
896 4621 1081 4665 Graeca.
1133 4623 1217 4665 111.
2416 4616 2442 4669 Ῑ
