3269 5126
486 374 538 428 ΙΙ
1599 379 1869 428 Praefatio.

485 550 548 610 in
593 550 745 610 flora
790 550 1063 629 regionis,
1126 550 1174 608 si
1218 570 1350 611 cum
1397 549 1529 609 aliis
1574 550 2015 630 comparaveris,
2077 558 2192 609 tam
2240 569 2457 627 parvae
2503 547 2808 608 tractanda
2854 568 2976 608 non

487 650 611 697 tam
657 636 907 697 multum
953 637 1193 696 differre
1239 636 1375 696 mihi
1424 637 1669 707 videtur,
1716 658 1892 715 quam
1938 637 2221 696 rationem
2258 635 2533 713 sequariS,
2580 655 2711 694 cum
2744 645 2982 713 propter

488 724 736 784 lacunas
799 734 858 782 et
916 723 1131 783 multas
1190 733 1249 783 et
1306 743 1549 802 magnas
1609 722 1895 783 naturalis
1950 723 2310 802 singulorum
2367 721 2637 781 ordinum
2690 722 2979 781 affinibus

487 811 732 870 omnino
776 831 898 870 non
945 808 1192 887 intelligi
1238 811 1437 889 possit.

667 896 850 973 Quod
896 896 972 956 ad
1019 897 1241 975 species
1287 897 1553 975 pertinet,
1602 896 1662 955 in
1710 895 2048 955 universum
2097 915 2272 974 opera
2317 895 2390 954 de
2434 893 2599 954 floris
2644 894 2981 965 recentiora,

494 983 778 1062 imprimis
823 983 1198 1043 Boissierium
1247 991 1479 1042 secutus
1526 1003 1675 1054 sum,
1735 1002 2089 1061 quamquam
2135 982 2295 1041 haud
2339 1001 2471 1040 raro
2517 980 2778 1052 discessi;
2838 1001 2981 1040 nam

491 1069 783 1149 imprimis
829 1068 1152 1129 nonnullae
1184 1070 1404 1148 species
1435 1089 1468 1128 a
1501 1068 1769 1128 Boissero
1799 1070 1929 1147 ipso
1966 1070 2267 1128 institutae
2307 1067 2408 1127 sed
2439 1077 2642 1146 postea
2672 1078 2982 1146 exemptae

492 1155 884 1215 restituendae
939 1176 1065 1215 esse
1111 1156 1248 1214 mihi
1294 1156 1660 1226 videbantur,
1706 1176 1838 1214 cum
1886 1154 2003 1214 alia
2046 1175 2121 1214 ex
2166 1164 2329 1234 parte
2377 1152 2696 1214 nonnullas
2742 1154 2981 1233 specieS‚

490 1262 648 1321 quae
692 1243 755 1301 in
801 1241 989 1314 „flora
1034 1242 1366 1302 orientalis“
1425 1243 1820 1314 inveniuntur,
1881 1242 2225 1301 eximendas
2280 1241 2418 1300 mihi
2464 1261 2590 1301 esse
2633 1241 2981 1320 putaverim.

493 1330 661 1401 Cum,
726 1328 919 1407 qualis
966 1330 1185 1407 species
1232 1328 1571 1388 definienda
1616 1329 1708 1399 sit,
1767 1328 1997 1388 decerni
2055 1348 2173 1387 non
2228 1328 2431 1406 possit,
2491 1327 2552 1386 in
2609 1326 2783 1387 rebus
2827 1327 2983 1386 anci·

493 1416 717 1495 pitibus
762 1415 891 1474 fieri
935 1434 1057 1474 non
1102 1435 1273 1493 posse
1318 1415 1459 1475 mihi
1507 1415 1751 1485 videtur,
1797 1415 1943 1495 quin
1985 1416 2097 1474 mei
2144 1415 2326 1493 ipsius
2372 1414 2710 1493 opinionem
2757 1433 2983 1493 sequar.

667 1501 843 1578 Quod
888 1501 963 1561 ad
1010 1502 1250 1561 nomina
1291 1501 1552 1560 indenda
1581 1501 1848 1580 pertinet,
1895 1502 2206 1580 prioritatis
2238 1501 2538 1571 rationem,
2586 1521 2762 1579 quam
2794 1500 2982 1560 solam

494 1596 709 1649 rectam
756 1608 882 1647 esse
926 1599 1085 1666 puto,
1147 1599 1381 1648 secutus
1435 1609 1582 1659 sum,
1645 1587 1927 1665 neglectis
1987 1589 2288 1647 sententiis
2346 1588 2600 1647 virorum
2662 1587 2983 1659 doctorum,

497 1675 598 1753 qui
646 1675 888 1733 nomina
932 1674 1219 1753 quaedam
1264 1673 1528 1734 obsoleta
1571 1694 1698 1733 esse
1727 1684 2095 1753 putaverunt,
2143 1695 2272 1733 cum
2301 1676 2444 1734 haec
2475 1673 2619 1732 ratio
2649 1682 2987 1733 constanter

497 1761 767 1821 adhibita
812 1781 933 1821 non
975 1761 1163 1821 solum
1196 1760 1475 1831 difficilis,
1520 1760 1623 1821 sed
1655 1762 1828 1820 etiam
1870 1760 2088 1820 iniusta
2123 1781 2251 1819 esse
2286 1773 2463 1839 atque
2490 1758 2630 1818 fidei
2678 1760 2986 1821 historicae

490 1860 827 1927 repugnare
873 1847 1011 1906 mihi
1057 1847 1337 1908 videatur.
1412 1847 1675 1907 Nomina
1704 1845 1979 1927 duplicia,
2025 1866 2156 1907 cum
2201 1857 2445 1906 naturae
2489 1866 2653 1906 meae
2696 1847 2984 1920 resistant,

495 1954 618 1995 non
649 1932 907 2007 adhibui,
949 1944 1308 2013 quamquam
1340 1953 1409 1993 ea
1439 1934 1677 1994 omnino
1710 1933 1968 1994 adbiberi
2009 1953 2128 1993 non
2173 1933 2344 1993 licere
2376 1954 2496 1992 non
2530 1933 2985 1995 adfirmaverim.

669 2019 907 2080 Deinde
970 2019 1109 2079 mihi
1170 2020 1330 2079 haud
1394 2020 1652 2080 alienum
1720 2041 1755 2079 a
1819 2041 1881 2079 re
1946 2022 2138 2080 visum
2196 2030 2299 2091 est,
2367 2030 2678 2099 postquam
2746 2021 2989 2080 nomina

499 2116 804 2167 auctorum
850 2107 1189 2178 citavissi1n‚
1235 2126 1413 2185 opera
1456 2127 1689 2186 quoque
1736 2105 1990 2178 laudare,
2037 2108 2097 2166 in
2142 2106 2356 2185 quibus
2403 2107 2509 2166 viri
2554 2106 2709 2189 docti
2755 2107 2829 2166 de
2872 2108 2986 2166 sin·

497 2193 654 2273 gulis
701 2193 1001 2273 speciebus
1059 2192 1135 2253 ab
1199 2195 1343 2272 ipsis
1388 2191 1713 2253 observatis
1774 2193 2093 2272 disputant,
2154 2194 2404 2272 primum
2456 2203 2524 2253 ut
2576 2192 2985 2265 demonstrem,

495 2280 714 2360 quibus
773 2280 1038 2340 fontibus
1099 2298 1242 2339 usus
1296 2280 1368 2340 de
1424 2280 1747 2358 speciebus,
1809 2280 2010 2359 quales
2066 2280 2184 2340 sint
2227 2290 2404 2359 atque
2450 2279 2547 2338 ubi
2594 2280 2988 2350 inveniantur,

493 2368 720 2438 dicam;
766 2366 993 2437 deinde,
1039 2375 1104 2426 ut
1148 2367 1207 2425 in
1253 2366 1687 2427 narrationibus
1731 2366 1941 2438 dubiis,
1999 2366 2071 2426 de
2117 2366 2348 2446 quibuS,
2402 2386 2534 2425 cum
2580 2367 2753 2426 certis
2797 2387 2991 2427 exem·

495 2453 763 2534 pluribus
830 2453 914 2512 uti
973 2472 1094 2512 non
1154 2454 1460 2532 potuerim,
1527 2452 1835 2513 decernere
1895 2473 2015 2513 non
2070 2454 2247 2532 potui,
2318 2453 2489 2512 etiam
2550 2473 2624 2512 ex
2679 2462 2985 2513 auctorum

503 2540 843 2601 nominibus
903 2537 1173 2600 concludi
1228 2540 1429 2619 possit,
1490 2550 1688 2600 utrum
1745 2541 1865 2601 veri
1922 2539 2137 2600 similes
2195 2559 2270 2600 an
2309 2560 2385 2599 ex
2428 2560 2615 2600 errore
2659 2549 2819 2600 ortae
2862 2560 2993 2600 esse

501 2627 804 2708 putandae
857 2628 991 2687 sint.
1081 2627 1282 2703 Quare
1337 2628 1435 2686 hic
1493 2626 1646 2687 liber
1700 2627 1886 2687 multo
1943 2625 2192 2706 amplior
2248 2627 2442 2687 factus
2486 2638 2602 2698 est;
2662 2626 2765 2686 sed
2822 2646 2994 2706 spero

499 2731 593 2774 me
639 2715 794 2774 hanc
838 2727 1115 2792 magnam
1160 2732 1399 2792 operam
1444 2732 1565 2773 non
1612 2713 1949 2793 perdidisse.
2040 2713 2160 2773 His
2207 2715 2558 2773 testimoniis
2604 2714 2769 2773 nisus
2815 2715 2990 2773 etiam

497 2801 723 2880 species
782 2801 983 2879 recepi,
1048 2800 1122 2859 de
1186 2799 1415 2879 quibus,
1478 2819 1622 2858 num
1680 2801 1740 2859 in
1790 2799 2041 2861 Graecia
2100 2800 2488 2871 inveniantur,
2551 2800 2688 2858 mihi
2737 2801 2993 2860 maxime

500 2887 751 2948 dubium
807 2905 935 2946 esse
993 2886 1314 2957 videbatur,
1378 2887 1531 2965 quod
1595 2884 1843 2966 singulis
1904 2887 2045 2946 locis
2100 2886 2399 2949 adnotavi.
2490 2887 2873 2946 Narrationes
2919 2886 2992 2946 de

503 2973 825 3052 speciebuS‚
886 2993 1032 3051 quas
1078 2974 1317 3032 omnino
1364 2993 1484 3032 non
1529 2974 1784 3034 inveniri
1844 2975 2065 3051 putavi,
2127 2973 2227 3033 ubi
2275 2973 2346 3032 de
2392 2974 2643 3053 singulis
2690 2974 2994 3052 speciebus

501 3059 817 3138 disputavi,
879 3060 937 3117 in
995 3059 1373 3119 adnotatione
1434 3069 1665 3119 tantum
1712 3061 2174 3120 commemoravi.
2266 3060 2505 3118 Futuris
2552 3060 2995 3139 quaestionibus

501 3147 564 3205 -hi
608 3165 842 3216 errores,
902 3146 1002 3224 qui
1059 3146 1340 3224 imprimis
1383 3147 1446 3204 in
1493 3140 1659 3205 libris
1708 3147 2120 3206 vetustioribus
2166 3147 2560 3220 inveniuntur,
2622 3146 2996 3224 corrigendae

501 3241 690 3292 exunt.
779 3231 1108 3310 Synonima
1152 3252 1269 3292 non
1317 3233 1426 3291 nisi
1476 3234 1726 3293 maxime
1773 3234 2097 3292 necessaria
2139 3234 2324 3304 attuli,
2374 3245 2549 3312 atque
2595 3234 2879 3312 imprimis
2925 3253 2994 3293 ea

503 3319 758 3388 nomina,
805 3318 1018 3396 quibus
1064 3319 1175 3377 hae
1221 3319 1443 3397 species
1489 3320 1549 3377 in
1595 3319 1779 3389 libris,
1826 3322 1885 3378 in
1935 3320 2149 3399 quibus
2195 3319 2268 3378 de
2313 3319 2466 3379 flora
2511 3319 2741 3380 Graeca
2786 3321 2995 3398 agitur,

504 3406 906 3466 nominantur.

675 3491 969 3571 Imprimis
998 3509 1232 3570 operam
1262 3490 1411 3562 dedi,
1442 3501 1509 3551 ut
1537 3493 1828 3552 exsiccata
1858 3491 2186 3563 indicarem,
2219 3491 2292 3550 de
2322 3491 2533 3571 quibus
2564 3492 2986 3572 descriptiones

502 3578 696 3638 factae
740 3588 894 3649 sunt,
954 3598 1089 3637 cum
1135 3578 1204 3636 iis
1248 3595 1422 3656 saepe
1467 3579 1885 3657 descriptiones
1932 3599 2052 3638 non
2098 3579 2241 3638 satis
2286 3588 2589 3638 accuratae
2635 3599 2990 3658 magnopere

503 3674 608 3725 aut
651 3662 908 3743 suppleri
956 3674 1059 3724 aut
1102 3665 1304 3744 corrigi
1353 3665 1595 3743 possint.
1686 3666 1760 3725 In
1819 3684 1939 3745 qua
1990 3685 2051 3724 re
2111 3665 2395 3743 imprimis
2449 3666 2822 3726 collectiones
2887 3686 2996 3724 nu-

505 3752 676 3811 meris
722 3760 957 3812 notatae
1002 3749 1216 3810 allatae
1263 3762 1417 3823 sunt,
1464 3771 1596 3811 cum
1643 3753 1897 3811 maxime
1941 3752 2292 3831 pervulgata
2337 3753 2469 3821 sint,
2519 3762 2586 3812 ut
2627 3751 2997 3812 Heldreichii

506 3838 838 3898 herbarium
859 3837 1154 3898 Graecum
1189 3838 1448 3898 normale
1476 3849 1536 3897 et
1565 3837 1925 3916 Orphanidis
1956 3838 2107 3898 flora
2139 3835 2369 3899 Graeca
2397 3839 2703 3908 exsiccata,
2736 3839 2991 3917 optimae

504 3925 894 3996 collectiones
943 3923 1146 4003 quales
1192 3925 1264 3984 dc
1311 3926 1511 4003 paucis
1555 3926 1724 3984 terris
1769 3924 2088 3995 habemus;
2135 3935 2258 3984 tum
2305 3925 2559 4004 quidem,
2610 3946 2744 3984 cum
2790 3924 2995 3985 collec-

504 4013 696 4071 tiones
728 4012 983 4071 numeris
1008 4020 1242 4071 notatae
1267 4031 1384 4070 non
1410 4011 1667 4082 aderant,
1700 4010 2072 4071 collectiones
2104 4013 2363 4071 numeris
2390 4033 2507 4072 non
2533 4023 2769 4072 ornatas
2800 4012 2995 4071 citavi.

684 4099 1013 4175 Diagnoses
1058 4098 1307 4176 optimas
1353 4110 1411 4156 et
1455 4099 1918 4157 accuratissimas
1964 4118 2001 4156 a
2044 4096 2335 4158 Boissiero
2395 4099 2455 4157 in
2515 4098 2668 4159 flora
2729 4096 2999 4157 orientali

505 4184 801 4245 adhibitas
846 4185 1103 4243 maxima
1149 4184 1382 4263 quidem
1431 4205 1503 4243 ex
1552 4194 1713 4262 parte
1761 4194 1992 4244 secutus
2039 4203 2166 4243 sum
2213 4206 2400 4264 neque
2434 4187 2675 4257 mutavi,
2723 4186 2851 4256 nisi,
2898 4184 3000 4244 ubi

509 4271 866 4330 mutationes
911 4280 1146 4349 propter
1185 4272 1405 4349 species
1436 4271 1630 4330 denuo
1662 4273 1960 4330 institutas
1993 4271 2114 4330 sive
2146 4272 2273 4330 aliis
2305 4293 2378 4331 ex
2416 4273 2611 4331 causis
2645 4272 3003 4332 necessarias

510 4376 652 4428 esse,
701 4367 818 4428 aut,
867 4357 966 4416 ubi
1014 4358 1265 4435 speciem
1312 4357 1482 4415 aliter
1528 4357 1929 4417 definiendam
1977 4378 2108 4417 esse
2152 4359 2374 4436 putavi.

687 4444 774 4505 Ut
819 4445 1038 4522 species
1087 4443 1320 4502 facilius
1370 4445 1544 4502 statui
1594 4454 1848 4521 possent,
1897 4464 2135 4522 operam
2182 4444 2333 4514 dedi,
2382 4457 2447 4503 nt
2491 4454 2718 4524 praeter
2761 4444 3009 4524 disposi-

511 4530 736 4589 tionem
801 4529 1126 4588 secundum
1187 4531 1471 4589 sectiones
1533 4530 1852 4590 dividerem
1920 4532 1980 4590 in
2042 4541 2236 4610 partes
2297 4532 2575 4603 minorcS,
2645 4552 2795 4610 quae
2858 4529 3008 4592 duas
