3269 5126
1457 391 1725 441 Praefatio.
2765 386 2845 440 111

355 571 589 622 tantum
635 562 857 641 species
901 562 1322 623 concluderent
1366 572 1541 642 atque
1585 563 1893 622 contrariis
1937 563 2318 641 diagnosticis
2349 563 2842 633 discernerentur;

354 649 526 728 signa
577 649 886 727 anteposui
954 648 1123 709 haec:
1187 668 1224 708 a
1268 670 1310 712 a
1357 658 1403 704 ><
1454 650 1519 714 O
1569 701 1580 713 .
1630 671 1645 721 ;
1691 695 1704 717 ‚
1754 685 1854 712 —.
1962 650 2152 711 Simul
2211 659 2588 729 conspectum
2652 651 2842 728 operis

354 735 653 797 clariorem
702 735 831 796 fieri
863 737 1086 814 putavi,
1134 737 1179 795 si
1217 736 1379 796 hunc
1410 746 1783 815 conspectum
1818 737 2116 813 signorum
2149 736 2515 815 singulorum
2545 757 2841 815 generum,

353 822 572 902 quibus
617 821 944 900 complures
990 823 1209 902 species
1254 832 1409 894 sunt,
1456 823 1829 901 descriptioni
1876 824 2356 903 praeposuissem.

529 908 706 984 Quod
768 907 842 968 ad
890 908 1034 980 loca,
1095 908 1195 969 ubi
1243 911 1463 988 species
1510 910 1906 980 inveniuntur,
1976 908 2237 970 notanda
2295 910 2561 989 pertinet,
2628 909 2842 978 omnia,

354 1015 506 1074 quae
550 995 672 1056 sive
715 1016 788 1054 ex
836 994 1159 1055 litteratura
1213 996 1334 1055 sive
1379 1018 1454 1055 ex
1498 996 1779 1056 herbariis
1823 1016 2170 1075 cognoscere
2216 998 2393 1076 potui,
2453 994 2637 1065 attuli,
2684 996 2842 1075 quod

354 1082 464 1141 hoc
510 1081 635 1142 solo
680 1081 871 1151 modo,
931 1081 1147 1160 quibus
1202 1083 1265 1141 in
1324 1083 1665 1160 regionibus
1726 1093 1924 1154 terrae,
1985 1083 2141 1161 quod
2198 1084 2273 1142 ad
2322 1082 2531 1142 floram
2578 1084 2842 1161 pertinet,

354 1188 477 1228 non
534 1169 677 1228 satis
735 1170 1177 1247 pervestigatae,
1239 1171 1459 1248 species
1506 1169 1899 1241 inveniantur,
1954 1180 2106 1230 certe
2161 1169 2408 1229 discerni
2468 1180 2677 1247 potest.
2768 1169 2841 1228 In

354 1256 559 1334 paucis
604 1264 836 1314 tantum
883 1255 1207 1334 speciebuS,
1268 1276 1415 1334 quas
1467 1256 1685 1336 ubique
1743 1256 1994 1316 inveniri
2053 1265 2300 1328 constat,
2361 1257 2516 1316 hanc
2561 1255 2841 1316 rationem

358 1341 612 1420 neglexi.
703 1341 966 1401 Nomina
1009 1341 1267 1403 locorum
1313 1344 1397 1402 ita
1439 1343 1665 1421 scripsi,
1726 1352 1793 1403 ut
1847 1343 1970 1403 sive
2016 1344 2076 1402 in
2126 1342 2287 1403 libris
2348 1343 2471 1402 sive
2527 1342 2589 1400 in
2657 1342 2843 1402 titulis

354 1428 479 1487 sive
524 1428 582 1486 in
616 1428 819 1489 charta
854 1429 1015 1508 regni
1049 1429 1329 1491 Graeciae
1372 1430 1765 1509 geographica
1809 1450 1845 1490 a
1888 1429 2125 1490 militari
2167 1430 2431 1490 instituto
2461 1429 2844 1508 geographico

357 1513 810 1574 Vindoboncnsi
856 1514 1094 1575 modulo
1146 1524 1172 1577 1
1210 1520 1551 1579 :3000000
1604 1536 1767 1577 anno
1828 1522 1992 1579 1885
2039 1516 2197 1575 edita
2242 1526 2416 1595 atque
2460 1515 2537 1574 ab
2570 1516 2655 1578 H.
2706 1515 2844 1575 Kie-

355 1611 519 1680 perto
565 1611 870 1681 perspecta
912 1612 1017 1661 aut
1060 1603 1117 1662 in
1164 1602 1365 1662 charta
1411 1602 1619 1665 Cretae
1665 1602 1741 1663 ab
1774 1602 1857 1663 H.
1891 1603 2175 1682 Kieperto
2219 1603 2378 1663 edita
2422 1603 2635 1661 inveni.
2704 1603 2845 1678 Qua

355 1687 418 1746 in
463 1708 524 1747 re
582 1688 1038 1748 uniformitatem
1101 1688 1452 1749 difficillime
1513 1690 1844 1749 conservari
1909 1690 2185 1768 potuisse,
2250 1689 2420 1750 facile
2482 1687 2842 1767 intelligitur,

351 1775 689 1855 praesertim
735 1795 870 1835 cum
916 1786 976 1834 et
1019 1774 1160 1835 locis
1205 1786 1265 1835 et
1307 1776 1607 1837 montibus
1661 1786 1722 1837 et
1763 1776 2133 1848 fluminibuS,
2193 1776 2303 1835 nisi
2348 1774 2666 1853 complura,
2726 1774 2845 1834 duo

358 1859 568 1920 saltem
615 1861 856 1921 nomina
885 1862 1018 1931 sint,
1064 1861 1317 1922 alterum
1347 1863 1608 1942 antiquo,
1657 1862 1906 1923 alterum
1937 1863 2251 1942 posteriore
2284 1873 2540 1942 tempore
2572 1862 2841 1920 inditum.

355 1946 476 2008 Sed
522 1967 654 2007 cum
701 1948 859 2019 locis,
906 1948 1008 2008 ubi
1040 1949 1262 2027 species
1291 1950 1684 2021 inveniuntur,
1733 1970 1963 2029 semper
1992 1949 2324 2029 provinciae
2354 1969 2570 2008 nomen
2604 1968 2843 2027 praepo-

357 2034 589 2105 suerim,
649 2033 997 2114 plerumque
1048 2034 1208 2095 haud
1268 2035 1589 2096 difficiliter
1639 2035 1783 2107 loca,
1846 2036 1891 2095 si
1947 2036 2187 2115 quidem
2243 2036 2302 2095 in
2349 2035 2565 2095 chartis
2606 2054 2844 2113 geogra-

353 2120 543 2200 phicis
589 2120 879 2199 descripta
923 2130 1078 2192 sunt,
1124 2122 1373 2183 inveniri
1421 2143 1590 2201 posse
1634 2123 1776 2183 mihi
1825 2123 2115 2184 videntur.

530 2207 740 2267 Restat
783 2208 1051 2287 denique,
1098 2219 1165 2268 ut
1199 2210 1487 2282 omnibus,
1536 2211 1638 2289 qui
1670 2231 1763 2269 me
1791 2211 1847 2269 in
1896 2210 2006 2270 hoc
2052 2229 2225 2288 opere
2268 2207 2639 2269 conficiendo
2684 2207 2846 2268 adiu·

359 2304 584 2365 verunt,
644 2295 859 2373 gratias
917 2315 1103 2373 agam,
1158 2296 1441 2375 imprimis
1498 2296 1611 2357 Th.
1660 2295 1734 2355 de
1779 2295 2120 2367 Heldreich,
2179 2296 2368 2355 amico
2426 2315 2553 2354 meo
2600 2302 2843 2365 mortuo,

357 2380 459 2460 qui
506 2379 720 2441 multos
759 2401 868 2460 per
912 2401 1101 2442 annos
1144 2383 1392 2443 materia
1436 2382 1747 2444 herbarum
1794 2381 2229 2463 subpeditsnda
2273 2381 2350 2442 ad
2393 2380 2503 2441 hoc
2533 2402 2680 2460 opus
2710 2401 2846 2442 con-

357 2465 682 2527 ficiendum
757 2467 1074 2545 plurimum
1148 2467 1347 2529 valuit.
1448 2470 1685 2531 Gratias
1752 2490 1985 2549 quoque
2054 2469 2343 2529 maximas
2418 2467 2846 2528 illustrissimae

354 2553 689 2615 academiae
732 2553 1057 2615 litterarum
1103 2576 1405 2617 caesareae
1436 2556 1892 2618 Vindobonensi
1939 2555 2139 2628 deboc,
2187 2574 2338 2635 quae
2368 2576 2460 2615 me
2491 2566 2551 2614 et
2579 2556 2639 2614 in
2688 2574 2846 2634 pere·

357 2640 682 2718 grinatione
727 2661 856 2701 mea
898 2662 1003 2721 per
1048 2639 1358 2703 Graeciam
1405 2644 1664 2704 secunda
1719 2654 1780 2704 et
1836 2643 1895 2702 in
1952 2643 2206 2702 editione
2249 2642 2424 2702 huius
2468 2642 2657 2720 operis
2701 2639 2846 2701 libe·

360 2724 648 2787 ralissima
691 2728 1104 2789 munificentia
1147 2729 1391 2793 adiuvit.

530 2813 714 2893 Spero
757 2817 917 2875 hunc
960 2815 1189 2888 librum,
1244 2837 1418 2896 quem
1464 2816 1542 2877 ad
1586 2817 1830 2877 modum
1877 2818 1955 2877 sit
1998 2836 2261 2886 mancus,
2308 2825 2507 2874 tamen
2550 2813 2846 2885 omnibuS,

356 2899 458 2978 qui
502 2900 686 2960 florae
731 2900 993 2962 Graecae
1036 2923 1269 2981 operam
1318 2903 1479 2975 dant,
1544 2904 1887 2982 magistrum
1948 2912 2124 2982 atque
2182 2902 2268 2972 iis,
2329 2901 2430 2980 qui
2481 2901 2726 2980 posthac
2773 2899 2847 2960 de

355 2985 466 3046 hac
511 3007 572 3046 re
610 2998 909 3067 quaerent,
969 2988 1446 3049 fundamentum·
1487 2991 1627 3062 fore,
1690 3011 1870 3069 quare
1929 3008 2167 3070 operam
2232 2988 2450 3048 multos
2508 3007 2611 3068 per
2654 3006 2846 3048 annos

357 3072 420 3132 in
467 3073 620 3134 hanc
662 3095 783 3135 rem
831 3086 1239 3155 consumptam
1288 3097 1380 3137 me
1423 3097 1545 3138 non
1591 3077 1916 3157 perdidisse
1960 3087 2120 3157 puto.

2388 3298 2744 3378 Auctor.

2471 4675 2531 4729 1*
