3269 5126
452 349 558 408 314
741 313 744 315 >
1499 352 1909 414 Borraginaceae.

1073 519 1136 584 O
1175 519 1379 570 Corolia
1415 519 1557 567 fauce
1594 518 1746 579 nuda,
1784 518 1909 565 tubo
1944 517 2254 580 longissimo.

1368 604 1456 658 12.
1493 601 1906 656 Macrotomia
1942 604 2048 654 DC.

1013 693 1146 758 OO
1186 692 1388 743 Corolla
1412 693 1556 740 fauce
1580 691 1876 754 saepissime
1902 691 2050 754 plici·
2085 691 2169 739 vel
2192 691 2361 754 gibbis
2384 690 2600 752 munita,
2637 691 2762 740 tubo
2787 692 2948 750 brevi,

1185 810 1197 823 .
1238 770 1467 820 Nuculae
1504 770 1656 818 valde
1692 778 1945 830 curvatae,
1987 770 2092 818 basi
2129 769 2182 817 in
2212 768 2402 818 collum
2440 775 2740 821 contractae.

1376 854 1464 910 13.
1501 853 1800 908 Alkanna
1836 855 2049 904 Tauech.

1151 984 1163 998 .
1187 928 1468 995 ..Nuculae
1505 943 1747 992 ovoideae
1782 942 1867 991 vel
1904 942 2143 1005 trigonae,
2181 942 2289 991 bani
2324 956 2424 990 non
2462 947 2763 991 contractae.

1341 1028 1431 1083 14.
1469 1026 1973 1094 Lithospermum
2012 1029 2069 1079 L.

926 1122 1026 1171 ><><
1065 1115 1268 1165 Corolia
1303 1117 1445 1163 fauce
1483 1116 1762 1164 fornicibus
1800 1116 1829 1163 5
1867 1115 2058 1163 obtusis
2093 1114 2278 1165 clausa.

1447 1201 1462 1252 1
1481 1201 1534 1255 5.
1572 1199 1876 1267 myosotis
1912 1202 1968 1249 L.

582 1285 604 1306 ⁶
633 1325 680 1374 4.
720 1323 1007 1373 Subtribus.
1066 1318 1435 1387 Cynoylosseac
1483 1324 1585 1371 DC.
1639 1339 1716 1385 pr.
1768 1323 1837 1372 X.
1884 1339 1935 1385 p.
1992 1324 2106 1372 117.
2156 1350 2222 1359 -
2273 1322 2503 1371 Nuculae
2554 1324 2585 1371 4
2634 1323 2717 1372 vel
2767 1323 2949 1372 abortu

459 1394 736 1457 pauciores,
772 1394 1016 1455 gynobasi
1054 1393 1137 1441 vel
1177 1392 1324 1454 stylo,
1363 1392 1533 1440 areola
1568 1392 1726 1454 plana
1761 1393 2009 1454 elongata,
2047 1392 2167 1454 plus
2204 1393 2372 1440 minus
2410 1391 2607 1440 laterali
2646 1393 2862 1441 insertae
2898 1397 2950 1441 et

457 1478 574 1512 cum
611 1478 669 1511 eo
705 1463 906 1524 saepius
941 1462 1166 1514 coalitae.

666 1555 712 1591 a.
749 1541 967 1656 Frui-itus
1014 1540 1069 1587 in
1117 1539 1330 1589 nuculas
1380 1542 1410 1588 4
1461 1554 1839 1602 monospermas
1890 1539 1973 1587 vel
2025 1539 2190 1588 rarius
2240 1540 2292 1587 in
2349 1539 2574 1602 cai-pella
2626 1540 2657 1588 2
2694 1540 2950 1603 disper-ma

759 1624 865 1658 nece
903 1625 1007 1658 ens.

773 1704 822 1739 α.
863 1678 1027 1749 Calyx
1067 1688 1096 1735 5
1118 1688 1248 1735 fidus
1286 1687 1367 1736 vel
1406 1687 1702 1750 bpartitue,
1753 1687 1860 1734 basi
1910 1700 2011 1734 non
2049 1686 2528 1748 sinuato—dentatus,
2581 1688 2811 1737 fructifer
2845 1704 2946 1737 non

861 1756 945 1804 vel
984 1772 1165 1818 parum
1203 1762 1396 1815 auctus,
1435 1772 1537 1804 non
1574 1770 1907 1818 compressu&

873 1841 921 1888 ><
960 1834 1193 1882 Nuculae
1229 1835 1964 1894 membranaceo-marginatae.

978 1911 1042 1975 O
1082 1913 1288 1962 Corolla
1325 1917 1502 1974 rotata,
1541 1912 1666 1960 tubo
1703 1912 2031 1968 brevissimo;
2070 1911 2287 1960 nuculae
2322 1917 2612 1962 excavatae.

1321 1996 1408 2051 16.
1449 1994 1863 2064 Omphalodes
1900 1999 2090 2046 Toum.

908 2084 1041 2149 OO
1080 2085 1283 2135 Corolia
1318 2084 1813 2133 infundibulifortnie
1851 2084 1932 2131 vel
1958 2084 2252 2145 cylindrica,
2290 2083 2413 2132 tubo
2449 2085 2568 2147 plus
2605 2085 2773 2134 minut
2809 2086 2947 2135 elon-

1079 2161 1221 2217 gato;
1260 2155 1476 2202 nuculne
1514 2153 1960 2215 depresso-planae
1997 2153 2082 2201 vel
2121 2152 2417 2201 urceolatae.

1081 2272 1092 2283 .
1135 2232 1335 2281 Corolla
1371 2232 1666 2293 cylindrica.

1342 2316 1429 2371 17.
1470 2316 1897 2383 Paracaryum
1940 2317 2072 2368 Bois.

1046 2443 1058 2455 .
1079 2443 1091 2456 .
1132 2406 1337 2455 Corolla
1370 2405 1886 2456 infundibuliformis.

1295 2490 1383 2544 18.
1423 2487 1651 2541 Mattio.
1687 2493 1883 2541 Schult.

825 2587 924 2635 ><><
962 2580 1193 2628 Nuculae
1230 2594 1330 2627 non
1371 2580 2103 2641 membranaceo-marginatae.

977 2657 1040 2721 O
1080 2657 1312 2706 Nuculae
1349 2657 1470 2719 styli
1509 2658 1612 2704 basi
1643 2657 1842 2718 affixae,
1882 2658 2241 2718 subrotundae,
2278 2673 2533 2708 convexae
2558 2659 2641 2707 vel
2666 2659 2946 2722 depressae,

1079 2728 1182 2775 fere
1220 2726 1446 2788 undique
1482 2727 1773 2775 muricatae.

1369 2812 1461 2866 19.
1502 2810 1952 2878 Cynooelossum
1989 2814 2046 2863 L.

908 2899 1042 2965 OQ
1081 2901 1313 2949 Nuculae
1350 2900 1629 2950 lateraliter
1654 2900 1917 2948 columnae
1944 2900 2166 2949 centrale
2203 2900 2402 2962 affixae,
2441 2903 2669 2965 trigonae
2694 2904 2778 2952 vel
2814 2919 2947 2953 com-

1082 2986 1299 3033 pressae,
1338 2971 1562 3031 margine
1599 2970 1889 3019 muricatae.

1399 3054 1492 3108 20.
1531 3052 1819 3121 Lappula
1854 3055 2010 3104 Gilib.

770 3147 820 3205 β.
857 3142 1022 3203 Calyx
1062 3142 1251 3199 5fidus,
1292 3142 1420 3190 lobis
1455 3143 1559 3190 basi
1589 3142 2049 3202 sinuato-dentatis,
2090 3143 2319 3191 fructifer
2356 3143 2504 3193 valde
2541 3150 2779 3205 accretus,
2816 3160 2947 3193 com-

860 3226 1076 3273 pressus,
1115 3210 1353 3271 bivalviS‚
1395 3211 1559 3259 valvis
1597 3211 1728 3270 latin,
1768 3212 2195 3261 dentato-Iobatis.

1417 3295 1511 3350 21.
1555 3296 1888 3361 Asperago
1927 3299 1983 3348 L.

664 3382 714 3432 b.
753 3383 972 3431 Fructus
1007 3384 1059 3431 in
1099 3383 1310 3432 nuculae
1349 3385 1378 3431 2
1416 3399 1793 3445 monospermes
1830 3384 2079 3434 secedens.

1380 3469 1473 3524 22.
1512 3468 1812 3523 Rochelia
1850 3471 2011 3519 Rehb.

816 3669 868 3724 1.
916 3661 1144 3722 Tribus,
1236 3659 1889 3721 RELIOTROPEAE
1936 3662 2119 3724 Endl.
2166 3683 2302 3741 gen.
2349 3685 2408 3742 p.
2460 3669 2604 3728 646.

1036 3802 1090 3863 1.
1140 3799 1776 3873 Heliou-opium
1826 3801 1895 3860 L.
1943 3822 2074 3881 gen.
2124 3824 2162 3860 n
2216 3807 2355 3864 139.

636 3922 687 3977 1.
735 3917 942 3979 Sectio.
989 3918 1540 3999 Euhelwtropium.
1585 3920 1717 3980 DC.
1764 3942 1849 3999 pr.
1897 3921 2013 3982 IX.
2064 3941 2122 4000 p.
2174 3927 2316 3986 534.
2353 3958 2431 3967 -
2474 3923 2668 4027 Calyx
2714 3923 2947 3985 nuculis

455 4002 719 4065 deciduis
764 4006 1115 4082 persistens;
1162 4005 1414 4065 nuculae
1461 4013 1499 4066 4
1547 4007 1781 4084 (abortu
1828 4008 2116 4067 interdum
2170 4016 2275 4068 2--
2298 4013 2375 4087 3).

711 4129 761 4168 a.
809 4108 1038 4187 Stigma
1082 4110 1426 4189 pileiforme.

636 4240 685 4292 1.
731 4230 818 4290 II.
866 4230 1180 4292 villosum
1229 4232 1438 4292 Willd.
1486 4254 1570 4311 sp.
1619 4234 1667 4293 I.
1715 4255 1771 4314 p.
1823 4239 1971 4306 7413
2035 4234 2144 4297 Ch.
2194 4243 2253 4293 et
2296 4235 2366 4295 B.
2414 4256 2549 4314 exp.
2597 4256 2653 4315 p.
2707 4240 2805 4307 60,
2850 4234 2945 4296 Fl.

449 4316 643 4395 pelop.
691 4338 745 4395 p.
799 4322 911 4394 123
979 4318 1165 4378 Fraas
1211 4318 1275 4377 fl.
1323 4318 1491 4379 class.
1540 4342 1593 4399 p.
1647 4326 1805 4395 1603
1868 4320 2053 4381 Clem.
2101 4334 2234 4382 sert.
2279 4343 2337 4400 p.
2389 4329 2496 4393 67;
2546 4322 2740 4382 Weiss
2787 4323 2851 4381 in
2895 4343 2943 4386 z

451 4402 508 4466 1).
560 4402 634 4463 G.
673 4408 835 4465 1869
883 4426 942 4483 p.
997 4411 1148 4475 742;
1197 4405 1370 4466 Raul.
1403 4418 1540 4468 eret
1591 4428 1646 4485 p.
1680 4412 1830 4479 812;
1878 4407 2033 4471 Bois,
2070 4408 2133 4468 ss.
2166 4428 2247 4471 or.
2283 4409 2395 4469 IV.
2443 4429 2498 4488 p.
2539 4414 2684 4479 133;
2733 4408 2944 4469 Heldr.

451 4487 518 4550 fl.
564 4488 791 4568 cephal.
841 4509 897 4568 p.
945 4496 1044 4563 53,
1091 4491 1185 4552 Fl.
1232 4492 1470 4569 Aegina
1514 4514 1570 4571 p.
1621 4500 1761 4566 380,
1823 4495 1879 4552 in
1929 4500 1979 4553 ὃ.
2028 4494 2082 4554 b.
2130 4494 2191 4553 Z.
2247 4500 2407 4557 1898
2455 4514 2513 4573 p.
2569 4500 2707 4567 184,
2766 4494 2947 4558 chlor.
